2836 4852
365 310 420 374 nn
441 306 813 375 AUGUSATWO'GUM'
828 309 1058 376 ΙΝἙΙΝΙΓΝΟ.
1214 383 1216 387 ,
1235 305 1264 381 9

155 478 377 580 aliquamdiu
402 506 547 554 versans
572 479 724 553 videndo
748 479 806 553 vei
833 479 1006 552 audiendo
1033 478 1265 557 animadverti

155 594 216 658 aut
229 582 325 683 fingi
343 582 489 677 dicitur,
516 609 582 679 pro
604 584 774 655 infinitivo
793 582 883 657 suiet
901 585 1101 681 accusativo
1119 584 1265 683 adiungi

153 687 399 784 participium,
421 711 490 784 quo
507 687 637 757 arctior
652 680 1113 783 aliquamdiu'permanentis
1126 685 1184 761 vel
1197 689 1263 759 itc-

154 798 254 860 ratac
283 788 497 860 conditionis
524 814 601 860 cum
629 815 692 879 eo,
729 791 826 859 cuius
851 786 912 857 iila
938 797 1010 878 cst,
1047 787 1265 886 significatur

157 892 377 963 coniunctio.
430 888 510 965 cis.
539 891 622 961 Fin.
647 890 700 982 ll,
729 889 797 960 28.
837 889 1031 980 Socratem,
1060 893 1122 988 qai
1139 891 1263 989 volup·
1320 936 1326 965 ·.

98 994 101 1007 '
160 1002 265 1064 tatem
288 992 390 1064 nulio
411 992 487 1064 loco
509 1004 683 1081 recenserat,
711 995 818 1062 undio
839 994 1027 1083 dicentem,
1056 996 1125 1064 cibi
1144 996 1263 1065 condi·

158 1107 311 1167 mentum
329 1121 401 1167 esse
420 1095 565 1193 samem,
591 1097 741 1191 potionis
763 1097 867 1165 sitim.
920 1093 1080 1192 Utraque
1106 1095 1266 1181 struendi
1291 1100 1295 1109 '

156 1197 247 1267 ratio
276 1223 321 1269 ex
347 1195 473 1269 eodem
497 1196 608 1267 verbo
634 1194 766 1292 pendet
790 1196 874 1268 Nat.
892 1196 943 1266 Ι).
963 1196 996 1287 1,
1026 1195 1091 1268 12.
1144 1198 1264 1270 Xeno-

152 1298 578 1397 phon-facit·Soerntem
601 1301 855 1396 disputantem,
884 1298 1037 1395 formam
1061 1300 1121 1372 dei
1142 1302 1267 1400 quaeri
1300 1288 1311 1377 ⁵.

155 1425 230 1471 non
261 1413 440 1498 oportere:
477 1403 692 1499 erendemqne
725 1412 759 1472 et
784 1401 892 1472 solem
918 1412 952 1472 et
979 1403 1132 1471 unimam
1160 1404 1265 1474 mum

100 1540 113 1563 ·
154 1503 289 1574 dicere.
341 1503 414 1575 Hic
439 1513 587 1599 propter
611 1504 888 1574 aecusativorum
915 1528 1124 1575 concursum
1150 1506 1266 1585 dicere

153 1628 223 1699 pro
252 1607 422 1677 dicentem
446 1605 578 1702 placuit
596 1602 671 1704 11).
724 1605 807 1700 Ipsa
824 1629 910 1674 vero
934 1603 1079 1674 alicuius
1103 1606 1156 1676 rci
1179 1630 1264 1676 eon·
1309 1654 1314 1667 „

154 1704 267 1798 ditio,
312 1733 418 1779 sensu
436 1717 603 1791 ,mentevc
630 1718 800 1802 percepta
825 1731 890 1801 per
916 1707 1153 1777 accusativum
1184 1733 1265 1778 curn

154 1807 331 1880 infinitivo
357 1809 402 1880 ab
430 1834 494 1902 eo,
523 1811 579 1880 cui
604 1809 787 1899 tribuitur,
822 1808 935 1904 magis
961 1833 1066 1904 quam
1090 1834 1157 1905 per
1182 1834 1263 1905 par·

156 1909 317 2005 ticipium
342 1915 541 1984 accusativo
568 1910 724 1981 additum
743 1913 804 1999 12)
832 1909 1070 2007 distinguitur.
1098 1951 1149 1966 -
1189 1911 1263 1983 Nc·

156 2036 230 2109 quc
263 2016 482 2086 accusativus
513 2039 546 2086 c.
575 2014 674 2084 infin.
703 2011 930 2109 prohibetur,
972 2013 1003 2083 si
1035 2038 1103 2109 qua
1137 2013 1265 2085 vocula

153 2113 417 2211 intercesserit,
457 2142 526 2216 qua
556 2115 595 2186 id
626 2114 721 2214 quod
747 2117 918 2207 sentitur,
963 2123 1022 2186 aut
1048 2114 1262 2210 declaratur,

148 2266 444 2294 —

240 2373 302 2411 acc.
322 2367 350 2412 et
368 2356 419 2416 ini.
440 2356 571 2432 idemque
587 2355 722 2435 postulo,
745 2365 879 2430 sequente
902 2362 935 2411 nt
957 2373 982 2412 c.
1004 2354 1077 2411 coni.
1122 2352 1264 2414 Similiter

239 2436 305 2496 Liv.
318 2439 418 2515 XXV,
433 2445 483 2500 29.
519 2439 681 2500 Praetores
695 2451 793 2501 tomen
807 2441 894 2518 prins
909 2440 1019 2509 creari,
1043 2458 1130 2517 qnam
1147 2439 1264 2516 legator

240 2527 395 2585 nominari
410 2528 545 2606 placuit:
571 2530 635 2586 coll.
659 2527 718 2584 Cic.
738 2526 860 2600 Philipp.
881 2524 929 2594 ΙΙΙ,
952 2525 999 2583 15.
1018 2537 1092 2582 extr.
1135 2522 1265 2583 Senatui

234 2609 373 2689 placere,
388 2615 434 2670 uti
447 2613 477 2670 C.
492 2612 608 2671 Pansa
623 2614 655 2669 Α.
670 2611 821 2668 Hirtius
834 2645 874 2655 --
887 2612 1036 2682 referunt.
1061 2611 1265 2691 accusativum

239 2714 265 2753 c.
284 2696 365 2753 infin.
396 2698 514 2756 Tacitus
532 2717 590 2756 non
603 2717 668 2755 raro
686 2697 764 2753 addit
778 2696 872 2753 verbis
891 2695 1028 2765 suadere,
1051 2693 1180 2765 bertari,
1203 2716 1264 2752 mo-

238 2800 322 2839 nere.
346 2780 446 2841 Plures
459 2785 535 2840 locos
551 2784 695 2861 congessit
710 2781 764 2840 Fr.
778 2779 993 2838 Giintherus
1015 2779 1131 2851 „Uebcr
1145 2781 1263 2839 deustc-

239 2869 391 2926 cusatirus
411 2889 473 2925 cum
488 2867 634 2926 infinitivo
653 2877 762 2924 austatt
777 2866 828 2921 der
844 2864 1048 2922 construction
1070 2867 1123 2922 mit
1142 2874 1175 2923 nt
1195 2862 1265 2924 oder

239 2958 317 3025 ne,“
339 2953 370 3011 in
385 2953 585 3025 Athenaeum,
606 2948 837 3010 inmonistieelre
857 2946 1052 3028 Zeitscirift,
1086 2950 1264 3030 berunegeg.

237 3058 269 3097 v.
284 3037 339 3095 Fr.
353 3039 519 3098 Giinther
537 3039 597 3097 aad
614 3039 659 3095 W.
674 3036 922 3095 Wachsmuth.
945 3035 1040 3095 Hoiie
1055 3039 1142 3095 1816.
1164 3039 1229 3096 Vol.
1240 3037 1263 3096 Ι.

238 3141 268 3198 p.
287 3124 456 3183 tta-121.
508 3123 752 3202 Distinguendum
774 3125 861 3181 etiarn
885 3135 928 3181 est
950 3132 983 3179 ut
1005 3119 1104 3203 (wic),
1132 3124 1264 3198 inprimis

237 3221 307 3283 port
324 3210 443 3269 verbum
464 3211 567 3283 video,
599 3230 616 3268 a
638 3210 781 3267 coniuuot·
803 3217 836 3267 ut
858 3207 963 3288 (class).
1007 3208 1052 3265 De
1073 3228 1129 3285 qua
1149 3228 1182 3265 re
1202 3208 1264 3272 vid.

235 3307 368 3352 nostram
390 3296 546 3355 Commeat.
566 3294 609 3355 X.

238 3397 411 3457 Germanice
433 3397 583 3455 adhibetur
604 3397 767 3455 coniunctio
790 3395 878 3455 dass:
900 3392 954 3454 lea
972 3395 1054 3468 inire,
1075 3394 1147 3454 dore
1163 3417 1197 3454 er
1215 3396 1263 3456 be-

236 3480 381 3562 boaptet‚
404 3493 455 3540 aut
477 3484 581 3540 omissa
603 3485 817 3555 coniunctione,
846 3479 901 3539 Iob
923 3480 1011 3552 tere,
1039 3501 1074 3539 er
1093 3481 1262 3560 behoaptet,

237 3578 292 3626 aut
309 3588 343 3626 er
356 3555 515 3646 ieboupte,
535 3569 560 3623 si
582 3567 613 3623 id
634 3569 669 3624 ab
691 3569 766 3638 aliis,
789 3569 838 3643 qui
858 3554 915 3642 ipsi
936 3567 1100 3638 audierunt,
1123 3567 1264 3640 comperi-

236 3672 320 3727 mus,
344 3664 395 3712 eut
416 3650 470 3710 ΙοΙι
492 3652 580 3724 istro,
601 3651 684 3725 sebe,
708 3653 787 3710 losse
810 3651 860 3709 ian
881 3650 992 3729 geben,
1022 3651 1051 3707 id
1073 3650 1149 3726 quod
1174 3653 1264 3710 trium

235 3738 343 3797 horum
357 3739 508 3796 verborum
522 3740 666 3813 proprium
681 3751 733 3795 est.
776 3738 820 3796 Ad
838 3738 912 3794 idem
931 3736 1133 3794 subiectum'si
1150 3747 1268 3795 utrum-

234 3842 295 3899 que
316 3824 435 3881 verbum
457 3825 598 3899 pertinet,
631 3824 774 3881 infinitivo
797 3824 934 3897 praeponi
956 3824 1029 3880 solet
1049 3824 1191 3899 particula
1212 3842 1265 3897 zu,

235 3906 296 3967 lot
318 3907 413 3986 troffo,
435 3908 584 3981 censete,
605 3908 730 3986 glande,
753 3909 847 3966 meiae
865 3926 905 3965 zu
925 3907 1025 3967 leiren.
1183 3915 1190 3927 “

149 4014 206 4093 12)
236 4012 308 4071 Huc
327 4015 413 4070 etiam
430 4013 574 4088 pertinent
590 4013 677 4072 rerba
695 4011 770 4083 volo,
793 4011 870 4085 noio,
893 4020 1008 4089 oportet
1030 4031 1093 4068 cum
1112 4009 1264 4087 praeteriti

236 4118 315 4175 patr.
339 4099 501 4174 participio,
523 4107 556 4154 ut
570 4096 630 4157 Cic.
648 4098 683 4154 de
705 4096 768 4154 Fin.
791 4098 814 4170 Ι,
832 4104 859 4157 6.
882 4107 956 4154 extr.
979 4098 1014 4154 ml
1033 4098 1086 4164 Qu.
1103 4095 1150 4152 Fr.
1167 4094 1216 4164 ΙΙΙ,
1233 4095 1263 4150 9.

236 4184 346 4256 Quare
365 4184 527 4242 domesticu
546 4202 621 4241 cara
641 4193 669 4241 te
689 4182 820 4241 levatum
839 4185 914 4242 volo.
948 4182 1035 4240 Acad.
1049 4182 1102 4248 Qu.
1116 4179 1152 4251 ΙΙ,
1165 4182 1197 4250 4,
1214 4181 1272 4235 ln·

236 4280 337 4328 totam
352 4270 429 4327 enirn
448 4288 511 4327 ren
534 4269 656 4328 Lucullo
673 4271 823 4347 integram
840 4277 994 4330 servatum
1015 4266 1154 4344 oportuit.
