2654 4854
95 319 157 406 nn
178 317 379 383 nonnum
400 316 546 381 nascio
568 317 623 379 an
644 313 726 421 vau
747 315 860 383 naon
880 313 971 385 soto
992 316 1057 380 aa.
1106 312 1161 388 55

85 515 95 558 ι
110 485 252 585 Nepote
273 486 458 561 serendum
472 498 585 586 putat,
612 512 693 562 cnm
708 489 920 586 suspicatur,
947 487 1160 565 Ciceronem

85 591 269 687 :ripturum
294 589 403 672 fuisse
425 617 474 663 aa
493 591 598 682 nulii,
625 601 685 662 aut
711 618 759 662 aa
783 593 915 665 omnini
929 588 1005 693 ³²).
1055 587 1155 675 Plio.

85 692 132 788 ip.
151 691 223 784 111,
252 689 290 764 1.
336 691 467 767 Nescio
497 719 545 766 aa
574 693 688 765 ullum
712 695 898 766 iucundm
924 703 1057 794 tempas
1081 717 1158 769 exc·

85 819 183 884 asam,
236 819 329 866 uam.

157 818 234 967 flii
263 895 384 990 locus,
427 904 467 967 ut
491 894 593 970 multi
617 892 698 990 aiii,
739 896 914 996 integram
943 891 1055 968 habet
1078 901 1161 992 post

85 998 173 1069 aecio
195 1023 232 1078 γ.
260 998 359 1069 haud
381 999 475 1090 aazia,
502 1025 550 1071 aa
574 1000 876 1094 enunciationem
919 1008 958 1071 at
978 1023 1051 1071 non
1077 1016 1160 1069 raro

85 1097 189 1170 ulium
215 1097 393 1197 peculiare
418 1099 566 1173 verbnm
591 1101 748 1174 additum
773 1110 850 1194 est,
879 1098 943 1174 sed
968 1101 1046 1197 ipsa
1068 1097 1167 1171 haee·

85 1199 209 1272 ›rmula
233 1201 369 1275 mediae
402 1204 657 1296 enuntiationi,
700 1228 812 1301 aeque
847 1228 889 1276 ao
918 1202 1072 1302 sortasse
1101 1196 1161 1272 vel

85 1312 97 1374 t
132 1305 274 1400 opinor,
328 1303 578 1378 adverbialiter
614 1307 799 1379 interiecta
833 1304 1028 1403 reperitnr3
1086 1327 1159 1401 quo

85 1413 160 1476 acto
181 1421 247 1501 pro
265 1406 366 1482 verbi
387 1408 516 1481 coniun
551 1407 563 1429 '
588 1406 835 1496 uindicativus
851 1408 1036 1481 retinetur.
1065 1405 1156 1477 Ter.

85 1503 214 1603 tolph.
234 1507 308 1601 lv,
334 1504 377 1602 ὅ,
403 1507 473 1583 53.
583 1512 592 1531 ⁸
619 1509 747 1609 inseiis
771 1511 869 1583 aaut
891 1511 963 1583 acio
987 1534 1035 1581 aa
1060 1506 1160 1578 iliam

85 1609 178 1681 aiere
203 1636 296 1681 nuato
322 1620 429 1693 amate
483 1608 675 1684 Gie'Nat.
697 1611 819 1702 l).11‚
843 1609 886 1702 1,
912 1607 976 1682 11.
1011 1607 1080 1682 Vir
1102 1625 1185 1679 aa·'

85 1711 307 1803 ientissimus,
342 1722 446 1810 utque
470 1712 568 1783 haud
591 1716 662 1786 scio
688 1739 735 1783 aa
760 1714 911 1787 omnim
932 1707 1159 1809 praestantes·

85 1813 184 1901 maa,
226 1823 407 1908 peccatam
439 1838 541 1884 auum
571 1814 731 1915 confiteri
759 1814 897 1887 maluit.
950 1811 1058 1886 offic.
1085 1809 1158 1902 111,

85 1908 241 2002 9,105.
271 1912 428 2007 Quorum
449 1916 588 2014 quidem
614 1927 733 1989 testem
757 1917 1070 2005 peremimus,
1098 1913 1161 1985 sed

85 2015 248 2085 audacio
273 2042 320 2086 aa
342 2018 600 2114 precaminum,
626 2017 823 2116 Requlum,
855 2018 986 2107 nolite,
1013 2038 1157 2116 quaeso,

85 2116 265 2210 inperare.
327 2119 440 2191 Tusc.
467 2119 539 2212 lli,
567 2117 636 2210 25,
662 2117 732 2192 55.
763 2117 878 2220 daeg.
905 2119 940 2213 Ι,
967 2115 1036 2193 21.
1063 2126 1155 2189 em.

85 2223 280 2314 tuapropter
302 2219 367 2292 doc
387 2223 577 2293 &motari
593 2224 708 2296 nescio
730 2249 777 2294 aa
801 2244 978 2322 wtquarn,
1005 2221 1069 2294 aed
1093 2219 1159 2290 doc

85 2344 210 2391 amone
240 2332 333 2395 certe
363 2348 434 2395 aaa
462 2335 592 2420 potest.
651 2324 793 2398 Dubiae
827 2332 1024 2396 structurae
1057 2318 1160 2421 iocnp

85 2430 109 2490 st
134 2419 240 2495 Offie.
265 2421 300 2514 1,
332 2420 400 2515 21,
433 2422 499 2497 72.
555 2424 819 2523 Capessenoius
850 2436 967 2498 autem
998 2420 1156 2518 rempub·

85 2521 165 2591 dailo
188 2525 319 2614 miuus,
358 2549 461 2625 quam
483 2527 724 2624 philosophiis,
760 2529 858 2599 Isuud
881 2529 952 2597 scio
978 2551 1025 2596 aaa
1050 2523 1159 2621 muqis

85 2624 159 2693 *iam
192 2635 228 2695 et
256 2627 512 2726 mapnificeats'u
552 2640 587 2700 et
625 2631 851 2723 despicientia
882 2625 1159 2701 anatheniatis

85 2749 170 2794 anm
186 2725 430 2802 humanarum.
456 2727 562 2801 Libri
579 2726 703 2826 scripti
718 2732 765 2804 sit
785 2726 985 2828 postulant3
1013 2724 1154 2801 Manus.

85 2896 338 2924 ἡ

85 2994 110 3078 t)
140 2996 186 3056 De
206 2998 261 3057 hoo
273 2997 400 3059 Cornelii
420 2999 541 3078 Nepotis
562 3004 627 3061 iooo
649 3003 777 3078 pluribus
799 3001 934 3080 diaeemit
954 2999 1104 3060 Beierus
1124 3003 1156 3058 in

138 3081 210 3141 Exc.
230 3083 265 3143 11.
284 3086 321 3144 ad
343 3086 417 3144 Lati.
440 3082 531 3164 ξζῖὃ.
553 3107 581 3165 p.
597 3090 669 3146 233.
690 3090 740 3164 qui
766 3089 919 3154 existimat,
941 3087 1157 3164 praecedentem

137 3171 347 3229 restrictionem
369 3172 437 3230 duic
458 3175 511 3231 usi
531 3174 658 3251 contigit
671 3175 766 3250 aptiae
780 3174 932 3247 contenire
949 3193 1014 3230 cum
1028 3171 1082 3229 hac
1096 3171 1157 3228 for-

138 3248 231 3314 mula:
269 3257 375 3334 „quod
395 3262 492 3317 nascio
514 3280 555 3318 ua
577 3259 634 3317 ultr·
659 3279 706 3337 ap.
729 3259 804 3321 atti:
842 3277 915 3334 quae
942 3260 999 3316 iam
1026 3275 1085 3315 non
1113 3266 1157 3313 est

136 3340 235 3397 firmae
262 3344 406 3417 opinionis
434 3344 611 3420 fiduciaeque
637 3343 796 3403 affirmandi
817 3344 852 3401 de
879 3344 1060 3401 restrictione
1089 3342 1156 3411 ista,

137 3443 193 3498 qua
214 3426 264 3482 alii
285 3431 400 3487 omnino
423 3430 630 3501 excluduntur,
665 3429 831 3508 degradatio
855 3428 1009 3503 quaedam,
1046 3426 1097 3482 sed
1121 3424 1156 3480 de

137 3510 201 3565 aliis
222 3522 334 3584 praeter
354 3512 431 3571 hune
451 3533 552 3587 anum,
574 3515 621 3571 cui
642 3524 719 3571 certe
740 3515 884 3592 singulare
905 3512 1041 3586 quiddam
1063 3510 1157 3565 conti·
1220 3508 1223 3513 ’

86 3649 95 3655 .
137 3597 213 3671 gerit
241 3599 420 3670 reperiendis
448 3597 531 3674 eique
560 3597 777 3673 aequiparandis
807 3596 998 3668 desperatio.“
1049 3591 1156 3652 Micia.

139 3677 309 3738 Weberus
330 3684 362 3741 in
384 3681 482 3761 Spmb.
503 3683 541 3741 ad
561 3693 713 3761 grammat.
733 3682 863 3742 Latinam
877 3677 911 3735 11.
933 3698 959 3754 p.
976 3679 1045 3734 101.
1064 3679 1155 3752 suspi-

139 3775 231 3837 catur,
254 3776 286 3822 ut
309 3765 468 3826 Beierus
487 3769 520 3843 in
541 3778 610 3825 nota
626 3768 650 3841 i.
664 3767 683 3823 1.
699 3766 809 3838 scribit,
832 3763 902 3821 iilud
924 3764 977 3822 oni
998 3782 1058 3820 esse
1078 3763 1157 3840 glos-

139 3868 217 3908 sema
237 3853 402 3929 marginale.
445 3851 503 3926 „st
516 3854 593 3909 enim
608 3861 710 3913 auctor
729 3851 903 3927 scripsisset:
926 3848 995 3906 huie
1016 3849 1069 3906 oei
1089 3865 1157 3906 coa·

139 3936 211 4012 tigit
284 3956 340 3994 nou
354 3956 500 4013 apparere,
523 3936 664 4012 quomodo
677 3935 778 3994 addere
791 3937 944 4013 potuisset:
958 3934 1044 4011 quod
1060 3936 1157 3991 nescio

141 4040 182 4079 an
204 4020 310 4081 nulli.“
351 4023 390 4080 At
411 4022 484 4080 hana
505 4024 596 4096 ipram
612 4023 647 4079 ob
663 4041 776 4080 causam
795 4023 847 4081 nni
867 4039 925 4079 non
947 4032 990 4078 est
1006 4021 1158 4098 glossema,

106 4166 110 4173 ,
138 4105 189 4165 aad
211 4106 282 4178 uili,
319 4108 396 4184 quod
418 4110 448 4165 in
469 4109 682 4183 comparatione
702 4109 879 4182 aptissimum
901 4118 945 4181 est
964 4105 1001 4165 ad
1023 4108 1157 4178 reliquos,

127 4193 166 4267 ai
186 4193 236 4266 qni
257 4204 324 4251 sunt
345 4203 465 4272 excepto
487 4191 540 4251 hoa
563 4212 619 4262 uno
641 4188 830 4268 Timoleonte,
853 4190 1054 4263 excludendus,
1076 4188 1158 4246 debet

139 4276 263 4336 restitui.
