2836 4852
151 281 215 363 40,
403 279 708 348 commutatio
730 277 1008 381 eaAMotattea

154 465 214 525 aut
239 455 324 551 quid
349 454 547 555 agendum,
583 463 622 530 ut
647 454 761 523 neseio
787 477 834 520 on
858 448 952 520 idem
977 450 1046 541 sit,
1074 448 1172 545 quod
1196 447 1212 520 d

153 555 244 646 bito,
258 567 312 628 :ut
330 556 453 629 Plaut.
476 553 637 631 Mostell.
656 554 728 643 Ill,
751 550 793 644 2,
815 548 887 624 90.
940 550 1050 624 Nunc
1071 552 1171 623 baud
1190 580 1212 624 a

156 685 205 730 an
221 659 409 760 ¹colloquar
424 656 500 759 ¹⁵).
554 655 643 728 Inde
665 656 707 726 fit
726 657 893 726 transitus
914 653 959 725 ad
979 655 1184 729 inscientiae
1205 680 1212 707 ¹

157 758 384 833 dubitationis
410 760 666 832 simulationem
692 760 729 829 in
752 756 991 854 expromendo
1011 756 1055 828 de
1081 756 1198 854 alique

156 861 310 955 iudicio,
353 876 412 954 ut,
460 889 539 934 cum
572 861 637 932 tibi
670 887 728 932 res
760 860 920 932 videatur
951 858 1145 930 modestius
1172 859 1212 931 att

156 964 303 1056 manda,
333 976 368 1036 et
390 964 487 1036 salvo
509 962 657 1033 aliorum
681 962 810 1033 iudicio
826 963 952 1034 ¹dicere
973 960 1061 1033 velis
1077 960 1163 1058 quid
1185 987 1212 1032 s«

65 1062 69 1068 ’
155 1069 244 1157 tias,
286 1069 421 1157 nescio,
462 1093 509 1137 an
533 1064 592 1137 v'el
621 1067 719 1136 laoud
741 1068 810 1137 scio
835 1092 883 1136 on
907 1064 1001 1135 idem
1025 1063 1212 1161 deniques

157 1167 275 1265 quod:
305 1171 432 1267 opinor
453 1166 473 1266 (
474 1171 602 1239 meinos
617 1167 815 1239 Ee⁴uobtem
814 1166 834 1266 )
860 1166 918 1238 vel
941 1169 1116 1262 suspicor,
1145 1194 1181 1236 v.
1207 1195 1212 1234 a

159 1296 261 1360 reor,
298 1297 363 1342 ne.-
406 1280 512 1367 prout
537 1269 594 1361 id,
636 1269 732 1366 quod
765 1280 800 1341 te
835 1269 923 1341 dicis
954 1270 1092 1341 nescire
1126 1293 1172 1338 an
1205 1295 1212 1339 ε

160 1383 410 1468 comparatum·
426 1373 547 1464 fuerit,
577 1374 628 1442 sie
654 1383 786 1464 tamen,
810 1383 853 1442 ‘ut
875 1369 980 1442 dubia
1000 1372 1046 1441 sit
1072 1383 1108 1441 et
1132 1372 1211 1442 ince

160 1476 348 1566 sententia,
376 1501 481 1574 quam
498 1477 557 1546 vir
577 1474 708 1546 audeas
730 1474 861 1571 eloqui.
914 1473 984 1545 Est
1002 1483 1118 1548 autem
1138 1472 1212 1569 dup'

157 1578 379 1673 potissimum
406 1603 511 1649 eausa
536 1576 639 1651 huius
666 1575 888 1649 adhibendae
909 1574 1159 1666 verecundiae,
1189 1600 1212 1646 ci

160 1688 220 1750 aut
245 1689 306 1750 tua
331 1705 437 1751 eausa
464 1678 657 1752 cavendum
690 1680 756 1773 sit,
801 1704 847 1750 ne
879 1677 972 1774 apud
998 1677 1169 1770 alterum,
1211 1728 1212 1733 η

81 1780 84 1786 ’
159 1790 195 1852 te
221 1807 297 1853 rem
324 1792 423 1854 certo
449 1784 541 1854 seire
568 1781 720 1872 dixeris,
758 1783 1003 1879 arrogantiae,
1040 1782 1212 1876 suspicion

160 1883 368 1979 iniquitatis,
396 1883 577 1976 stultitiae,
606 1885 812 1955 temeritatis
833 1894 952 1954 notam
971 1882 1181 1954 contrahas:
1211 1937 1212 1944 1

161 1983 308 2056 alterius,
333 2012 460 2076 causa,
493 2011 538 2057 ne
572 1984 811 2057 dissentiendo
839 1984 899 2057 vel
931 1984 1060 2057 acerbe
1089 1984 1212 2082 loquer

161 2088 237 2157 eius
261 2085 560 2184 indignationem,
589 2085 799 2159 invidiamve
824 2113 982 2159 moveas.
1042 2088 1182 2159 Prioris
1208 2119 1212 2181 ξ

161 2189 258 2258 neris
285 2188 532 2260 verecundiam
560 2191 693 2278 neseio,
733 2215 780 2259 an
810 2188 869 2260 vel
897 2190 996 2259 baud
1024 2192 1134 2281 scio,‘
1161 2217 1210 2260 un

161 2288 218 2359 bis
251 2288 340 2360 loois
366 2316 452 2387 prae
479 2317 518 2363 se
544 2290 628 2362 fert.
682 2289 762 2363 Cic.
786 2286 905 2361 Acad.
930 2291 982 2380 ll,
1009 2289 1081 2362 40.
1106 2302 1198 2368 extr.

162 2392 427 2490 exaedificatum
446 2395 585 2492 quidem
607 2393 700 2465 bunc
722 2394 889 2481 mundum
904 2395 1021 2465 divino
1046 2396 1191 2464 consilio

163 2496 275 2564 ntimo
285 2522 298 2588 3
329 2506 433 2595 atque
452 2496 555 2566 baud
569 2497 640 2566 scio
663 2522 711 2566 aa
728 2497 778 2566 ita
798 2497 856 2566 sit.
910 2496 1014 2567 Haec
1039 2494 1191 2567 formula

163 2596 278 2667 fertur
308 2596 352 2668 ad
384 2597 657 2695 praecedentem
688 2599 936 2696 negationem,
978 2623 1125 2694 eamque
1160 2600 1212 2693 ips

164 2698 326 2790 affirmat,
352 2727 396 2772 ne
417 2702 682 2800 exaedificatum
700 2703 838 2799 quidem
857 2701 949 2773 buno
968 2703 1136 2771 mundum
1155 2703 1212 2771 dio

164 2801 330 2893 consilia,
374 2828 522 2899 nempe:
566 2805 630 2874 sed
657 2780 786 2873 beletro
802 2799 877 2902 1⁰).
929 2802 1023 2874 Liv.
1048 2803 1175 2892 XLII,
1206 2836 1212 2859 ι

164 2901 299 2975 Eorum
319 2915 449 2996 autem,
479 2929 569 3005 quae
589 2907 721 2976 obiecta
738 2917 819 2975 som
839 2907 936 2996 mibi,
962 2896 1092 3002 partim
1114 2933 1157 2977 eo
1176 2932 1212 2976 so

165 3006 288 3100 quibus
312 3007 426 3077 neseio
457 3032 504 3077 an
528 2997 679 3102 plorimi
703 3008 864 3097 debeata,
898 3011 1030 3104 partim
1055 3033 1144 3107 quae
1166 3008 1208 3105 [a

165 3130 237 3193 non
262 3109 473 3178 erubescam.
529 3109 627 3180 Ter.¹
646 3103 766 3178 Andr.
794 3108 866 3201 ΙΙΙ,
895 3108 939 3202 2,
966 3108 1036 3182 dl.
1054 3115 1075 3186 .’
1132 3168 1140 3178 ,

170 3379 221 3461 15)
252 3381 367 3462 lntegra
384 3382 526 3459 dubitatio
539 3394 592 3440 est
614 3385 700 3440 etiam
713 3386 788 3460 atiud
805 3385 971 3443 Ciceronem
992 3400 1050 3443 non
1072 3386 1156 3443 modo
1179 3387 1209 3460 in

138 3492 139 3495 ¹
225 3531 230 3548 k
251 3467 311 3524 bito
334 3486 374 3525 an
393 3467 428 3524 ad
441 3466 531 3524 'state
545 3467 626 3540 xvl,
642 3473 670 3541 5,
687 3471 715 3526 3.
738 3471 837 3528 dedito
854 3490 894 3528 en
915 3471 1073 3529 Venusiam
1087 3470 1208 3529 tendam

252 3554 404 3613 sedetiam
428 3557 456 3609 in
481 3552 563 3611 daed
584 3556 644 3611 seio
668 3575 708 3613 an
731 3576 781 3631 pro
797 3557 888 3614 Flaec.
903 3559 954 3626 26,
972 3558 1021 3614 63.
1043 3556 1177 3632 peoello
1187 3559 1212 3612 7.

190 3672 192 3676 ·
251 3638 335 3710 baud
348 3640 409 3697 seio
423 3659 464 3699 an
477 3674 515 3684 -
524 3640 666 3711 similiter
679 3642 913 3720 respondendum
923 3652 1035 3721 putem.
1058 3645 1089 3700 in
1099 3641 1157 3700 Pis.
1171 3645 1212 3700 17.

252 3723 416 3791 leudiselo
437 3745 476 3782 an
498 3725 601 3784 malim
623 3737 652 3786 te
668 3728 767 3786 videri
788 3727 867 3785 nullo
886 3728 1001 3807 pudore
1016 3728 1121 3801 fuisse
1143 3730 1174 3786 in
1199 3728 1212 3784 l:

253 3812 297 3867 rie
319 3812 472 3869 mittendis
487 3826 540 3870 etc.
584 3812 648 3870 Vid.
671 3812 795 3882 Beieri
818 3812 888 3871 Exo.
911 3815 948 3872 nd
973 3815 1046 3872 boel.
1067 3815 1160 3888 §.2L
1184 3813 1210 3870 N

252 3914 315 3952 rum
331 3897 381 3952 ubi
395 3894 494 3954 Cicero
511 3898 545 3954 de
562 3917 592 3954 se
607 3917 696 3956 suove
718 3899 825 3955 iudicio
842 3899 963 3974 dabitat,
986 3921 1042 3958 non
1065 3900 1101 3956 de
1122 3916 1153 3955 re
1175 3901 1212 3957 ali

252 3996 326 4054 quoe
351 3982 463 4040 incerto
492 3984 544 4054 sit,
575 3982 629 4040 hee
654 3985 799 4042 locutione
826 3986 934 4059 utitur,
969 3987 1018 4043 sed
1035 3987 1194 4044 incertum

65 4151 73 4160 .
116 4072 130 4141 j
253 4078 395 4123 arr-*ut
417 4065 479 4137 Cat.
502 4066 635 4142 Mutuo,
658 4071 708 4125 74.

171 4171 223 4244 tt)
253 4167 467 4312 νίἀέιξείεῐί
491 4150 658 4228 Ericurstll.
679 4170 803 4230 adbeel.
828 4174 942 4245 ΜΗ.
966 4171 1132 4234 estland.
1157 4169 1212 4233 Tm

254 4274 281 4329 ρ.
365 4299 370 4309 ¹
799 4284 802 4289 ,
