2654 4854
76 236 82 269 ,
158 186 182 231 ’ὁ
195 184 271 249 ff*

209 324 212 329 ’
250 284 261 301 ’
284 290 304 417 J,
323 345 378 408 nn
399 344 656 409 nccosnmvo
678 306 774 409 conr
788 344 1018 413 nrmmvo.
1172 347 1224 425 ¹9

57 522 68 599 t
116 516 340 615 pronominis
365 514 640 591 similitudinem.
692 516 749 589 lta
768 516 823 611 lit,
850 528 890 590 nt
914 544 1110 616 pronomen
1134 520 1225 595 rela-

116 620 230 691 tivum
254 619 481 716 potentialem
503 620 561 694 vel
580 620 769 716 optatipam
791 620 849 693 vel
866 622 1032 699 iussivnm
1050 624 1120 695 vim
1141 650 1225 697 eoo·

115 721 264 793 imotivi
291 721 443 794 adiuvet.
480 720 560 815 Cio.
588 723 672 795 tin.
699 721 918 815 Ι,15,45.
972 723 1156 822 Sapientia
1176 739 1228 801 eat
1275 746 1278 751 ’

117 824 332 914 adhibendo,
361 826 702 925 paene-oertiarinnnn
722 853 760 899 ae
782 827 881 897 »toto
902 826 1024 897 dracone
1040 830 1222 923 praebeat,

116 936 178 996 ont
203 928 395 1022 praemissa
421 928 586 1025 negativa
610 926 803 1025 porticula,
847 954 918 997 aon
941 953 1008 1027 qno
1032 926 1148 1027 (nieht
1173 930 1225 1003 als

117 1023 183 1126 ob)
202 1054 342 1099 oausam
363 1028 538 1121 indicans,
564 1040 624 1101 aut
645 1056 717 1100 non
737 1022 876 1129 ‹eo-qno
896 1054 961 1124 pro
983 1029 1108 1119 Quint.
1127 1056 1162 1103 e.
1180 1030 1222 1105 2.

114 1127 204 1201 Non
230 1156 271 1201 eo
295 1132 391 1222 dieo,
420 1158 487 1231 qrto
515 1132 602 1203 molti
615 1134 741 1202 -veniat
767 1134 805 1203 in
829 1134 971 1202 (lebiton
999 1143 1059 1203 tna
1076 1134 1169 1233 [ideo
1191 1146 1228 1209 et

114 1235 324 1303 cortetontia.
376 1229 415 1304 Α
440 1260 511 1333 quo
533 1232 818 1333 distinguendum
844 1242 900 1305 est
923 1258 992 1332 (μω
1008 1234 1066 1313 vel
1087 1262 1225 1335 eo-qno

111 1356 183 1428 pro
209 1360 249 1419 eo
277 1336 443 1426 oonsilio,
488 1346 550 1426 ut,
596 1347 632 1408 et
656 1338 838 1437 qnorninna
863 1337 900 1406 in
928 1335 1140 1409 deterrendo
1165 1337 1225 1416 vel

111 1435 355 1531 impediendo.
384 1438 498 1509 Taso.
515 1436 549 1529 Ι,
565 1434 636 1509 58.
672 1436 801 1537 Itaque
823 1464 894 1508 non
914 1440 1067 1511 deterret
1087 1442 1224 1536 niqaion-

113 1548 184 1611 tem
201 1565 307 1628 neore,
323 1581 374 1595 -
389 1543 571 1637 quominus
587 1543 624 1610 in
641 1566 740 1611 omne
759 1552 892 1636 tempas
908 1540 1119 1635 reipublicae
1136 1543 1224 1613 naa‘a·

112 1663 184 1740 que
208 1641 382 1712 eonaaalot.
850 1698 855 1709 .

216 1742 342 1813 Latius
358 1743 464 1813 etiam
483 1749 582 1838 patet
598 1767 682 1812 usus
699 1741 893 1837 particulae
912 1744 1009 1839 qaino,
1036 1768 1127 1840 quae
1144 1753 1226 1840 post

107 1845 356 1942 negationem,
384 1852 444 1913 aut
468 1845 780 1941 interrogationem
807 1869 886 1914 eum
913 1844 1136 1917 coniunctivo
1163 1844 1245 1916 ad·-

107 1943 272 2036 hibetur,
303 1955 483 2016 eontracta
511 1945 627 2017 forma
651 1971 717 2042 pro
744 1945 809 2044 qut
830 1972 886 2035 ne,
915 1944 1011 2042 quod
1036 1946 1140 2017 etad
1166 1973 1222 2020 re·

104 2045 282 2119 lationem
306 2046 382 2147 (qui
408 2073 499 2138 non,
543 2059 583 2119 ut
612 2046 700 2146 non)
726 2058 844 2143 aptum
870 2047 917 2117 eit
942 2057 978 2117 et
1003 2046 1048 2118 ad
1072 2049 1222 2121 interro·

108 2151 294 2248 gationem
321 2148 400 2249 (our
425 2145 527 2248 non),
556 2175 629 2220 non
654 2152 738 2221 item
763 2148 895 2246 ubique
921 2174 987 2245 pro
1014 2153 1087 2248 qni,
1116 2177 1219 2250 qnae,

107 2255 210 2351 qnod
232 2250 399 2351 anon10).'
454 2252 638 2350 {ntegrum
672 2277 869 2348 pronomen
900 2250 1003 2322 relat.
1036 2278 1116 2323 eum
1151 2279 1223 2323 non

104 2369 319 2450 usurpatur,
362 2357 571 2451 praesertim
605 2356 636 2425 si
659 2381 746 2426 easu
773 2352 918 2452 obliquo
945 2379 1034 2449 opus
1062 2363 1134 2442 ent,
1174 2380 1221 2425 ne

99 2507 394 2531 Μ

109 2583 169 2672 19)
199 2587 426 2650 Billrothius
449 2592 577 2667 (ltatein.
600 2588 871 2671 Solnulgrammatik.
899 2594 928 2667 ξ.
944 2586 1036 2660 327.)
1060 2588 1094 2643 tle
1115 2592 1220 2647 vocula

175 2678 266 2753 =qnin
288 2698 362 2747 „aur
384 2680 434 2756 qni
456 2680 509 2734 wie
531 2674 609 2757 (dem
632 2679 710 2733 alten
726 2677 841 2732 Altlativ
857 2694 915 2731 von
937 2676 997 2753 qni,
1021 2692 1107 2750 quoe,
1129 2676 1220 2755 qaod)

196 2763 255 2818 und
273 2763 322 2819 der
340 2763 483 2842 Negotion
497 2762 528 2821 'n
546 2765 870 2839 zusammengezogen.“
892 2794 930 2805 -
961 2756 1074 2830 „Nemo
1089 2768 1134 2816 ert
1149 2764 1219 2838 quin

197 2849 293 2905 eolat:
322 2847 464 2905 Niennanrl
487 2848 526 2903 int
549 2844 622 2922 (so),
646 2846 710 2902 clano
733 2863 763 2900 er
785 2843 986 2903 nieht.wiasen
1009 2846 1102 2903 sollte.
1146 2845 1219 2902 Hier

195 2933 235 2991 int
255 2933 336 2991 nieht
357 2941 430 2992 etna
452 2934 522 3011 quin
545 2950 596 2988 aue
618 2932 669 3009 qui
691 2924 839 3013 (welcher)
870 2931 928 2987 und
956 2949 1013 2987 non
1041 2948 1219 2988 aneannmen·

195 3037 340 3098 gezogen:
370 3019 491 3077 wolcher
511 3016 590 3074 nicht
613 3018 713 3075 wiseen
736 3016 833 3087 sollte,
855 3035 887 3073 ro
910 3015 974 3072 daea
996 3016 1048 3093 qui
1069 3012 1218 3095 (welcher)

195 3100 422 3179 Suhjeetwtre:
446 3101 632 3179 tassnnject
654 3122 693 3159 er
714 3103 786 3180 liegt
800 3100 939 3158 vielmeln
960 3102 991 3157 in
1013 3101 1101 3159 eolat.
1143 3100 1218 3157 Dm
1304 3096 1312 3113 ⁸

193 3188 247 3245 elan
268 3187 398 3245 Letztere
419 3189 469 3245 der
491 3182 554 3260 Fa!
574 3190 628 3259 iet,
657 3186 781 3244 leuohtet
801 3206 846 3243 arn
869 3184 1058 3244 deotliehrten
1080 3204 1131 3242 ona
1154 3185 1216 3243 dem

193 3271 335 3350 Beiapiele
352 3276 413 3330 ein:
445 3262 607 3331 Cleanthea
629 3282 720 3349 negot
742 3270 833 3329 ullum
855 3271 950 3329 oilar-
973 3287 1036 3328 etna
1058 3279 1120 3327 toan
1141 3290 1217 3346 gra-

170 3350 175 3355 ’
194 3376 269 3431 vom,
292 3361 361 3438 quin
384 3360 416 3417 ie
437 3361 486 3417 die
498 3369 527 3417 at
540 3368 623 3416 nocte
636 3367 843 3436 concoquetur.
867 3356 924 3413 cie.
936 3354 1005 3413 Nat.
1018 3354 1053 3411 D.
1063 3358 1092 3426 2,
1103 3358 1133 3427 o,
1144 3358 1217 3412 w

195 3443 330 3525 (Vereor,
353 3466 388 3502 ne
405 3444 508 3505 virt).
524 3444 590 3503 hoio
613 3446 741 3519 exemplo
764 3445 827 3518 plue
849 3443 925 3499 iusto
947 3438 1104 3516 tribuerit.)
1132 3438 1217 3511 „Da-

194 3528 246 3587 her
266 3528 377 3587 kommt
399 3550 429 3585 ea
452 3531 525 3586 deno
547 3529 634 3600 auch,
671 3529 736 3586 daeo
758 3529 828 3604 qnia
856 3525 936 3583 nieht
963 3525 1011 3580 lin
1034 3525 1119 3578 onina
1147 3541 1214 3595 non,

153 3642 161 3649 ·
196 3617 246 3673 oni
267 3636 324 3673 non
347 3628 399 3673 eto.
424 3616 520 3673 slehen
542 3613 639 3683 kann,
660 3614 726 3671 weil
746 3611 821 3670 wohl
839 3612 882 3665 im
906 3608 999 3664 Verbo
1022 3606 1071 3663 doe
1094 3604 1215 3681 Sobjeot

193 3698 264 3781 (wie
285 3704 313 3760 ta
335 3702 406 3757 olnen
428 3703 458 3757 in
480 3698 582 3781 aciat),
604 3697 685 3755 nieht
700 3698 769 3753 aber
781 3696 827 3749 ein
842 3692 931 3749 Caaur
946 3693 1000 3749 obl.
1015 3690 1108 3769 liegen
1127 3688 1216 3748 kann.

193 3784 257 3843 Nur
272 3774 409 3845 znwoiten
423 3784 501 3842 kann
514 3788 559 3841 ein
572 3784 677 3858 0bject
692 3778 785 3852 (oum,
808 3797 884 3848 eona,
907 3776 956 3854 id)
977 3773 1037 3832 sich
1054 3794 1110 3849 von
1128 3776 1215 3836 relbtt

193 3872 387 3931 veretelnen:“
409 3883 443 3927 ut
465 3870 546 3927 Vere.
561 3869 593 3925 ll.
616 3869 662 3923 lib.
679 3868 709 3936 4,
728 3868 752 3935 Ι,
776 3867 800 3920 l.
823 3883 904 3938 quem
928 3864 1021 3919 locum
1042 3863 1128 3936 paolo
1151 3872 1215 3937 port
1283 3868 1294 3891 ·

192 3957 304 4017 ridebis
317 3959 444 4014 allatum.
486 3952 807 4011 Weissenbornins
826 3951 844 4005 l.
858 3969 881 4005 o.
896 3968 923 4023 p.
934 3947 1005 4017 325,
1020 3947 1050 4005 3.
1073 3945 1153 4016 Quin
1168 3948 1215 4003 in-

194 4044 402 4121 terrogativum
422 4039 703 4114 auspicaturaquin‚
726 4034 802 4112 quod
822 4036 936 4092 relativi
957 4035 1051 4089 locum
1072 4033 1214 4088 sustinent

192 4122 241 4209 (nt
263 4128 334 4184 looin
356 4126 581 4182 commemoratis
604 4120 745 4194 Verr.ll⁷,
772 4122 797 4192 l,
817 4122 843 4176 l.
865 4119 901 4178 od
917 4119 977 4176 Aa.
998 4119 1025 4189 1,
1045 4110 1087 4197 l.)
1111 4115 1213 4171 diutin-

191 4212 336 4295 guendum
358 4230 418 4269 ense
439 4222 469 4268 et
490 4229 507 4267 o
529 4210 599 4287 quin
620 4226 716 4289 rogor,
737 4205 813 4282 quod
825 4205 877 4263 Vir
891 4202 929 4260 D.
943 4202 1013 4259 dicit
1029 4200 1081 4259 (lu
1097 4196 1212 4255 betren-

186 4296 306 4379 flamm
325 4296 384 4354 und
405 4294 643 4354 hervorhebentle.
842 4324 845 4329 -
906 4365 955 4438 2·
