2836 4852
364 327 419 393 on
440 324 697 427 accusativo
719 324 810 390 cun
828 280 1085 391 mutuno(
1207 273 1261 403 aa
1311 303 1314 311 ’

259 494 323 571 Ad
351 497 480 571 horum
509 493 699 569 verborum
724 474 1008 602 similitudinem,
1046 524 1137 595 quae
1166 507 1261 572 nuno

151 596 411 675 nominativum
432 598 639 696 praedicati,
662 626 755 671 nunc
781 597 1016 691 accusativum
1042 626 1121 673 cum
1145 600 1263 673 inlini-

151 707 230 777 tivo
256 702 500 792 adsciscunt,
496 700 551 772 ab
578 729 644 773 usu
667 704 856 774 accusativi
881 729 961 775 cum
984 682 1157 774 infinitivo
1179 729 1260 800 pes·

152 809 235 881 siva
255 804 366 878 verba
393 802 631 895 deflexerunt,
658 814 697 874 ut
721 830 787 901 pro
812 805 972 898 Dicitur,
1001 804 1183 889 Socratem
1205 827 1261 877 sa·
1364 892 1367 897 ι

154 910 307 1007 picatam
332 907 443 1005 fuisse
474 905 574 977 latini
598 906 743 978 mallent
772 903 935 979 Socrates
969 910 1097 980 dicitur
1125 908 1263 1003 sapiens

102 1010 115 1055 ·'
157 1009 279 1108 sorice,
302 1010 441 1080 rariora
464 1018 582 1081 essent
606 1008 709 1081 huius
732 1011 873 1107 generis
893 1009 1052 1106 exempla
1078 1011 1191 1081 Tusc.
1208 1008 1260 1102 V,
1376 1048 1379 1053 ·

160 1109 206 1203 ii,
233 1108 297 1183 12.
350 1108 439 1183 Non
459 1112 547 1182 milri
568 1113 707 1185 videtur
731 1111 812 1212 (pro
834 1112 952 1208 placet
974 1122 1033 1183 aut
1053 1137 1173 1185 verum
1190 1136 1262 1184 esce

157 1214 311 1306 mttemr)
333 1215 383 1283 ad
403 1216 503 1286 beate
524 1216 710 1285 vivendum
733 1217 816 1286 satis
835 1240 936 1311 posse
961 1216 1135 1287 citatem.
1188 1213 1262 1286 Ne·

155 1340 228 1414 qne
252 1314 324 1386 hoc
348 1316 476 1386 mirum
501 1314 616 1387 videri
640 1314 766 1408 dehet,
805 1318 888 1387 eum
908 1319 946 1387 in
970 1318 1119 1413 passivis
1144 1314 1263 1388 verbis
1326 1324 1332 1334 '

155 1416 334 1491 sentiendi
359 1428 395 1488 et
420 1417 625 1490 declarandi
649 1445 722 1490 non
747 1421 946 1515 quaeritur,
994 1421 1072 1516 quis
1107 1417 1192 1517 quid
1217 1415 1263 1490 de

154 1519 272 1593 altero
292 1528 435 1610 statuat,
463 1518 527 1592 sed
550 1520 593 1599 de
613 1546 765 1618 quonam
792 1520 876 1617 quid
901 1530 1085 1593 statuatur.
1137 1520 1264 1617 Itaque

155 1646 250 1720 quae
275 1618 365 1692 duae
388 1624 654 1709 enunciationes
687 1622 880 1694 disiunctae
911 1630 1012 1712 sunt,
1056 1620 1138 1692 dum
1172 1624 1263 1693 eius·

154 1721 256 1801 modi
279 1722 427 1795 verbum
451 1722 588 1796 linitum
613 1732 673 1796 aut
705 1725 879 1796 transitivi
912 1725 1054 1822 generis
1086 1733 1159 1816 est,
1203 1732 1265 1795 aut

157 1824 452 1921 impersonalibus
477 1825 800 1917 adnumerandum,
846 1851 906 1898 eas
930 1827 969 1896 in
992 1851 1098 1898 unam
1125 1836 1263 1898 contra·

157 1926 416 2023 beneplacuit,
444 1931 559 2000 activo
586 1953 717 2027 genere
743 1930 781 1999 in
805 1930 983 2024 passimam
1008 1937 1140 2000 mutato
1152 1956 1163 2023 3
1192 1952 1264 2026 quo

159 2029 258 2102 iacto
282 2028 392 2102 altera
417 2032 636 2123 enuntiatio,
665 2030 797 2103 obiecti
822 2056 906 2102 casu
929 2031 1079 2124 relicto,
1114 2030 1266 2103 subiecti
1298 2093 1299 2096 ,

157 2157 294 2223 casum,
320 2133 587 2225 nominativum,
614 2134 754 2230 recipit.
807 2133 892 2206 Hoc
916 2134 1025 2232 igitur
1050 2135 1264 2233 syntecticus

156 2234 406 2307 concinnitatis
428 2260 554 2327 genus,
583 2261 603 2307 e
628 2236 760 2331 passivi
785 2236 887 2308 verbi
910 2246 1036 2306 natura
1061 2247 1098 2308 et
1121 2238 1157 2308 vi
1180 2260 1264 2332 pro·

156 2335 305 2428 sectum,
335 2335 474 2428 estilli,
502 2336 599 2433 quod
620 2338 656 2408 in
679 2338 874 2410 activorum
893 2337 1084 2410 verborum
1102 2363 1169 2409 usu
1187 2362 1264 2410 cer·

156 2440 273 2531 nitur,
300 2436 406 2533 plane
432 2440 661 2511 contrarium.
721 2440 767 2510 In
791 2438 854 2513 illo
878 2449 919 2511 ut
942 2465 1093 2530 nomen,
1121 2437 1166 2511 de
1192 2461 1265 2536 quo

156 2538 244 2637 quid
270 2541 381 2613 sentis
405 2541 464 2613 vel
489 2539 672 2632 declaras,
699 2540 831 2614 obiecti
855 2542 972 2614 locum
998 2542 1165 2630 sustinet,
1198 2541 1262 2634 ita,

157 2644 298 2738 passivo
328 2640 440 2714 verbo
472 2643 727 2739 praecedente,
778 2642 868 2715 haec
901 2643 1015 2713 omnis
1048 2641 1262 2734 enunciatio,

156 2768 251 2841 quae
278 2742 453 2815 obiectiva
478 2747 567 2837 suit,
593 2747 630 2816 in
657 2744 885 2816 subiectivam
910 2754 1064 2836 mutata,
1101 2744 1264 2829 substan·

156 2848 229 2919 tiae
253 2871 352 2935 casu,
380 2848 610 2938 nominativo,
639 2848 844 2943 exprimitur
870 2845 980 2919 Caes.
999 2848 1048 2918 B.
1071 2845 1116 2921 C.
1135 2848 1169 2939 I,
1192 2843 1261 2920 62.

154 2948 293 3021 Porta
278 2976 315 3019 m
333 2947 439 3020 llere
457 2974 570 3044 prope
588 2948 730 3047 effectus
745 2951 985 3021 moestabatur.
1015 2949 1095 3023 Cic.
1116 2949 1160 3023 dc
1173 2951 1260 3022 Div.

155 3048 308 3141 Π,15,
337 3047 404 3121 91.
463 3051 571 3122 Luna
603 3053 687 3123 eolis
721 3038 831 3124 radiis
865 3052 1068 3123 collustrare
1101 3063 1261 3150 putatur.

154 3151 251 3225 Nam
282 3177 493 3249 quamquam
525 3155 638 3225 tuse.
659 3152 711 3245 V,
744 3150 941 3246 59,111.
998 3154 1182 3226 Traditum
1214 3165 1267 3227 eat

156 3257 278 3346 emar,
304 3254 498 3326 Horreemm
514 3281 654 3327 caecum
669 3255 792 3353 fursee,
820 3281 932 3352 aeque
955 3281 997 3327 ac
1002 3259 1166 3329 tradunt
1185 3256 1263 3328 Ho-

155 3382 291 3427 merum
323 3382 462 3428 caecum
492 3356 524 3453 s.
563 3356 710 3452 dicitur3
751 3367 870 3429 tamen
899 3357 1088 3429 solemnius
1114 3369 1190 3448 est,
1225 3367 1266 3429 ut
1378 3382 1381 3387 ·

155 3460 337 3555 passivum
362 3483 436 3529 non
460 3461 653 3531 seiunctum
680 3463 725 3531 sit
750 3486 817 3531 nec
842 3470 880 3530 ut
905 3460 1140 3555 impersonale
1168 3460 1262 3555 posi·

157 3572 254 3652 tum,
282 3557 345 3631 sed
370 3569 410 3631 nt
435 3560 610 3633 adsciscat
634 3563 906 3633 nominativum:
943 3562 1117 3634 cheerus
1142 3586 1264 3633 caecare

153 3664 267 3761 fuisse
296 3664 461 3733 traditur.
517 3662 592 3735 Sed
626 3663 696 3735 hoc
728 3665 973 3735 concinnitatis
1008 3689 1120 3760 genus
1157 3661 1262 3736 latius

153 3776 279 3861 patere
301 3773 338 3835 et
363 3766 399 3833 in
426 3768 681 3855 attractionem,
709 3791 815 3862 quam
841 3763 975 3856 dicunt,
1002 3764 1100 3838 abire
1127 3766 1259 3865 coepit,

240 4030 288 4079 tra
310 4038 344 4076 ea
366 4037 479 4096 quoquc
499 4032 715 4098 competuntur,
737 4039 808 4098 quae
826 4023 937 4080 etiamsi
958 4022 994 4081 ad
1015 4041 1068 4080 nos
1089 4023 1259 4096 pertineant,

239 4118 270 4165 et
290 4123 364 4182 quae
386 4105 503 4180 adsequi
525 4125 611 4181 quum
634 4108 785 4181 plurimum
807 4121 906 4165 nostra
927 4110 1051 4179 intersit,
1073 4118 1169 4165 tamen
1186 4123 1259 4160 non-

237 4194 294 4248 nisi
317 4192 353 4247 ab
376 4191 440 4246 aliia
461 4192 543 4247 nobis
566 4193 745 4249 tribuuntur:
775 4195 830 4250 sita
851 4213 952 4268 nempe
972 4205 1040 4250 sunt
1061 4194 1091 4247 in
1113 4190 1258 4247 hominum

237 4278 374 4353 opinione
396 4288 482 4350 atque
503 4278 746 4337 existimatione.“
