2836 4852
197 357 252 432 48

198 528 348 624 primurn
375 520 596 596 affirmationi
621 517 789 609 inservit,
834 527 873 588 ut
899 518 1047 618 reliquie,
1095 464 1286 616 riquardo,

146 624 165 719 J
199 631 380 730 quoipiam.
452 627 511 696 Er
544 621 677 721 quibus·
706 646 812 691 unum
845 621 1037 720 aliquando
1069 646 1147 693 eum
1182 620 1286 707 nosti!

197 730 349 803 formula
374 731 530 801 iunctum
554 725 672 820 reperi
697 722 801 794 Lael.
827 719 891 793 12.
916 734 1007 794 extr.
1033 725 1128 823 quod
1150 724 1283 823 quiden,

197 847 311 906 utres
331 833 444 929 eoeprit
467 833 533 920 ire,
561 829 659 898 luurrd
682 828 752 897 seio
778 852 825 895 un
851 825 1043 924 aliquando
1064 825 1224 925 futurum
1237 824 1282 897 ut

442 343 749 415 conmfflnrnuto
771 340 1050 406 summitur

283 1090 339 1147 qua
360 1054 539 1148 grommbtiei
561 1065 741 1144 negationem
762 1066 900 1139 reperisse
922 1065 976 1122 sibi
997 1066 1053 1124 viri
1075 1077 1157 1135 sunt,
1184 1062 1281 1144 negatis

280 1157 351 1232 ipsis
369 1152 413 1211 his
434 1153 580 1213 vocabulis
595 1152 795 1226 exprimitur.‘⁴
839 1150 878 1207 Et
896 1153 1029 1226 quoniam
1046 1154 1174 1224 „omissa
1190 1151 1281 1207 disiun-

280 1242 386 1299 etionis
407 1258 471 1316 pars
495 1233 578 1322 (ibid.
596 1257 624 1315 p.
634 1231 722 1314 ³14.)
744 1247 795 1293 aut
810 1235 1024 1294 affirmationem
1047 1251 1098 1294 aut
1119 1238 1282 1319 negationem

280 1328 312 1384 iu
333 1324 485 1396 sehabet,
518 1341 575 1399 quo
596 1324 646 1395 fit,
673 1332 707 1379 ut
727 1323 815 1379 verba
838 1324 950 1390 neseio,
972 1342 1028 1395 un,
1058 1321 1141 1380 baud
1161 1324 1233 1393 seio,
1249 1335 1282 1377 os

198 1418 200 1425 ’
281 1413 338 1483 rei,
362 1406 435 1487 quae
451 1410 573 1481 dieitur,
594 1419 645 1467 eut
666 1408 901 1483 improbationem
923 1419 974 1465 aut
995 1408 1223 1484 approbationem
1242 1402 1281 1463 ed·

280 1498 418 1569 iieiant,“
446 1507 533 1573 atque
555 1495 640 1551 etiem
663 1495 697 1550 ab
721 1513 753 1551 eo
776 1490 908 1550 dieantur
928 1496 1001 1569 „qui
1023 1490 1063 1574 (p.
1076 1492 1164 1572 327.)
1186 1492 1219 1551 ad
1236 1505 1281 1547 nou

281 1581 451 1639 eredendum
473 1581 641 1656 propensior
663 1591 715 1650 est,
738 1596 822 1653 quam
845 1579 881 1634 ed
896 1578 1082 1654 eredendum3
1104 1577 1282 1651 reetedieitur

281 1667 360 1725 ullus
372 1679 400 1724 et
414 1667 582 1745 quidquam.
594 1699 637 1711 -
650 1698 693 1709 -
719 1663 776 1720 Hic
792 1674 854 1722 erat
875 1682 943 1720 urus
964 1667 1159 1741 recentiorum·
1177 1663 1281 1723 maxim

280 1755 467 1828 scriptorum,
504 1755 553 1828 qui
575 1771 592 1809 a
614 1750 759 1808 Ciceronis
781 1750 986 1807 consuetudine
1007 1751 1210 1822 secedeboot‚“
1243 1744 1281 1803 oui

280 1841 311 1895 in
332 1837 385 1894 hae
407 1837 544 1909 formula,
567 1838 615 1893 ubi
638 1836 746 1911 aliquid
768 1853 827 1891 non
848 1854 909 1891 esse
930 1837 1083 1905 coniicitur
1104 1838 1152 1892 vel
1173 1834 1280 1895 notun

280 1921 446 1994 affirmatur,
469 1942 526 1980 una
543 1923 673 1996 loquutio
687 1922 823 1998 negativa
841 1920 950 1992 nullus,
973 1912 1131 1998 numquam
1153 1916 1281 1997 placuerit

280 2009 397 2079 „Quum
419 2009 449 2063 in
462 2005 607 2063 Ciceronis
622 2007 753 2080 operibus
767 2006 818 2062 vix
833 2025 907 2062 unus
923 2004 1064 2086 (exeeptis
1077 2007 1114 2064 ad
1124 2009 1208 2065 Attio.
1220 2000 1280 2077 bd·

281 2102 309 2149 et
326 2091 408 2147 Orat.
420 2094 451 2162 2,
468 2094 492 2146 1.
511 2087 574 2148 rid.
600 2112 624 2164 p.
639 2085 725 2170 328.)
748 2092 826 2146 loeus
847 2094 1021 2170 reperiatur,
1048 2093 1079 2148 in
1101 2108 1157 2168 quo
1179 2103 1226 2151 aut
1243 2106 1283 2146 eo·

280 2178 357 2234 diees
384 2179 515 2234 meliores
544 2195 601 2243 non
630 2176 811 2250 suppeditent
838 2177 980 2256 integram
1008 2179 1180 2253 scripturam
1212 2169 1284 2239 attii,

281 2281 448 2339 numquam,
471 2261 579 2339 nulius,
602 2274 653 2318 aut
665 2260 845 2318 verbannus
867 2273 896 2318 et
916 2282 1054 2340 umquam
1075 2283 1134 2321 non
1152 2264 1286 2321 obtineret

279 2350 441 2425 proximum
464 2325 537 2423 posti
551 2366 592 2404 um
612 2348 722 2417 locum,
751 2345 835 2402 focile
857 2359 951 2419 potest
972 2350 1082 2407 eritieis
1102 2349 1231 2420 concedi,
1255 2348 1286 2418 lt·

279 2435 389 2511 brarios
418 2433 584 2507 compendio
612 2432 754 2488 scribendi
777 2431 897 2491 omullus
920 2433 1050 2509 deceptos
1072 2441 1165 2491 esse.“
1213 2424 1286 2519 Qud

277 2519 353 2576 idem
382 2530 425 2575 est
451 2517 576 2575 Beieri
608 2517 762 2590 iudicium,
804 2520 853 2593 qui
881 2531 975 2575 mente
1002 2518 1043 2596 (si
1065 2514 1254 2579 Extareltt’s·

277 2603 405 2662 Laelium
437 2624 463 2679 p.
479 2605 550 2660 231.
573 2622 638 2660 eum
668 2603 792 2660 eiusdem
820 2603 962 2661 Eani,
984 2605 1020 2662 ud
1043 2605 1163 2665 Ottol.
1185 2625 1211 2683 p.
1248 2668 1251 2673 ,

278 2701 307 2748 et
328 2693 365 2748 ul.
388 2691 406 2752 Ι,
422 2680 588 2770 bonporus)
610 2699 721 2767 mutata
744 2689 1039 2769 dicit-Augustum
1062 2686 1286 2750 Matthiaein

203 2836 206 2841 ,
277 2772 411 2833 Seebodii
422 2775 564 2833 tabulario
576 2773 813 2854 philologieerum
827 2777 973 2834 literarum
986 2778 1081 2833 altero
1090 2768 1286 2859 ωηο-(1825.)

275 2859 345 2916 fase.
359 2860 381 2917 1.
404 2879 431 2934 p.
444 2862 544 2919 mss.
566 2879 584 2916 a
604 2879 635 2916 se
657 2861 714 2916 iam
734 2860 918 2934 impetrasse,
946 2876 979 2919 ut
999 2863 1030 2918 iu
1052 2861 1148 2921 Laelio
1170 2884 1195 2922 o.
1209 2869 1236 2923 6.
1250 2880 1286 2939 pr.

276 2944 326 3023 (de
348 2963 404 3020 quo
426 2946 445 3001 Ι.
467 2946 553 3020 paulo
578 2956 643 3020 post
665 2945 720 3000 erit
740 2941 848 3026 sermo)
879 2966 942 3003 eum
975 2946 1070 3004 bamb.
1093 2950 1195 3022 probet
1220 2950 1286 3007 mol·

197 3040 200 3044 “
275 3041 371 3087 torum
393 3029 473 3086 eodd.
496 3030 663 3087 lectionem:
699 3027 780 3086 baud
804 3033 864 3088 seio
891 3051 931 3089 un
959 3031 1043 3089 nibil.
1093 3033 1169 3090 idem
1192 3028 1286 3092 statuit

153 3154 157 3167 .
273 3113 322 3171 W.
344 3114 378 3170 E.
400 3113 532 3171 Weber
560 3112 818 3190 (Uebuugesebule
837 3114 900 3192 fiii·
928 3118 985 3175 dem
1013 3118 1066 3176 lut.
1090 3116 1154 3176 Sn't
1180 3121 1212 3178 in
1239 3120 1286 3177 deu

274 3197 410 3257 ubersteu
429 3197 554 3256 Classem
576 3199 631 3256 der
648 3199 842 3276 Gymnasium,
864 3206 968 3261 zueite
979 3210 1069 3272 verm.
1084 3224 1112 3264 u.
1125 3205 1205 3263 verb.
1218 3205 1286 3284 Aufi

134 3264 138 3279 ⁴
180 3290 187 3305 '
277 3287 367 3343 1834.
385 3283 516 3344 Eueure.
529 3281 598 3362 lx.)
612 3295 640 3342 et
655 3283 690 3341 Κ.
703 3284 741 3342 Η.
758 3287 781 3343 F
789 3287 999 3346 unkheenel
1022 3286 1221 3372 (Zeit'sobrift
1232 3294 1286 3366 fur

273 3370 322 3428 die
334 3368 736 3446 Alterthumeuissensebuft.
756 3375 846 3431 1834.
869 3373 921 3434 Nr.
939 3376 1022 3455 133).
1053 3382 1077 3432 Α
1101 3379 1204 3452 quibos
1217 3377 1286 3434 Viris

274 3456 366 3513 doetis
387 3456 518 3532 equidem
532 3456 667 3514 dissentio
680 3477 743 3514 oum
767 3458 840 3515 Ooh
850 3478 888 3516 sn
899 3479 958 3518 ero
981 3463 1011 3518 in
1022 3460 1123 3541 Eelog.
1138 3461 1196 3520 Cio.
1211 3463 1282 3524 ed.3

277 3542 366 3599 1828.
389 3543 595 3618 p.191.seqq.
639 3543 780 3599 Ottone
801 3542 915 3602 addet.
928 3542 967 3601 M.
985 3549 1034 3621 16,
1058 3548 1112 3603 66.
1152 3546 1286 3606 Orelli(

274 3639 303 3684 et
324 3627 476 3686 Klotzio
499 3629 529 3684 in
551 3628 633 3686 editt.
646 3626 707 3684 Cat.
723 3626 762 3684 M.
777 3640 806 3685 et
827 3627 934 3705 Laelii3
956 3632 1060 3706 quibus
1081 3632 1205 3690 addendi
1222 3644 1286 3691 'sunt

195 3724 197 3728 ’
273 3711 384 3772 censor
406 3713 540 3790 Gotting.
562 3714 592 3770 in
613 3713 699 3773 indie.
722 3715 795 3771 liter.
819 3716 908 3772 1826.
931 3735 959 3772 n.
978 3719 1050 3774 2⁰6.
1074 3719 1156 3775 ouius
1177 3731 1286 3776 senten·

271 3799 342 3856 tiam
356 3799 415 3856 vid.
427 3800 458 3855 in
474 3796 597 3855 Beieri
619 3798 690 3854 Exe.
704 3797 738 3854 11.
759 3817 785 3873 p.
800 3801 871 3856 237.
883 3803 1052 3874 expositam.
1095 3804 1180 3882 dog.
1204 3804 1287 3862 Gro·

271 3883 400 3938 tesend
428 3882 511 3963 (but.
535 3879 819 3958 Se'ltulgrummutile.
852 3884 1016 3945 Hunuooer
1035 3890 1123 3945 1833.
1147 3892 1176 3964 g.
1197 3887 1283 3961 345.)

240 3984 244 3993 ·
269 3965 435 4025 Biiirotb
456 3970 474 4024 1.
489 3987 512 4024 e.
526 3980 554 4025 et
567 3967 833 4027 Weissenborn
856 3973 874 4028 1.
892 3991 916 4027 e.
938 3976 1048 4048 §.ffltb
1091 3973 1165 4031 Nem
1190 3973 1283 4032 Mieh

270 4045 417 4109 Weberi
439 4054 552 4111 decreta
572 4056 602 4109 in
625 4049 765 4130 Symbdu
784 4053 829 4111 ΙΙ.
844 4058 885 4114 ud
898 4069 1060 4134 grammat.
1081 4059 1147 4118 tat.
1169 4063 1219 4134 qui
1242 4081 1286 4117 ne·

268 4139 399 4216 gationes
421 4157 473 4212 pro
494 4139 614 4195 arbitrio
640 4141 671 4194 in
692 4137 744 4194 hae
766 4138 889 4199 formula
911 4136 995 4201 m‘odo
1018 4146 1100 4215 addi,
1134 4146 1220 4202 modo
1243 4146 1286 4202 de-

267 4221 354 4293 trahi,
376 4225 529 4297 superstite
550 4221 647 4278 eadem
669 4227 810 4282 sententie
831 4240 913 4300 posse
935 4229 1109 4301 arbitratum
1129 4230 1286 4289 eoniutarit

267 4304 383 4365 Beieroe
403 4311 434 4364 in
456 4307 527 4363 Exe.
548 4306 585 4362 at
606 4305 682 4363 boel.
704 4327 731 4381 p.
748 4310 820 4367 236.
838 4330 895 4385 seq.
