2836 4852
205 343 262 420 54
405 346 409 353 '
453 340 758 407 constantino
780 339 1058 405 GRAMMATIGA

208 514 304 591 ulica
326 522 410 613 post
436 515 552 588 nescio
577 539 624 585 an
649 513 687 583 in
712 511 831 584 nuilus
856 512 1003 585 mutarit
1027 505 1143 582 Attio.
1172 504 1277 600 1v‚t

207 620 336 719 qcmito
363 642 434 687 non
457 619 571 688 duom
591 618 778 705 bonorum,
813 617 876 716 qui
897 616 1012 688 nescio
1037 640 1085 684 ors
1109 611 1180 684 cllo·
1203 607 1277 709 (lin

210 720 304 791 stulti
321 719 440 791 invitis
459 717 560 790 libris
577 717 718 811 scriptis
734 727 771 789 ct
791 713 909 814 editis)
927 720 1009 788 sint.
1029 713 1075 786 ad
1089 707 1276 804 Div.1x‚t

210 846 315 919 quem
338 819 412 892 loc.
438 844 544 916 supra
568 816 595 890 Ι.
648 817 739 890 Item
762 816 1003 911 orantei,
1028 813 1095 888 18.
1150 814 1276 888 Omnia

211 933 327 995 autem
349 923 572 1018 ineptiarum,
600 945 689 1019 quae
713 930 796 992 narrt
819 906 1102 1010 inrorcnccsubilea,
1130 917 1227 988 leand
1241 939 1276 988 ro

210 1024 259 1099 oto
290 1022 367 1095 ulla
396 1024 504 1116 (Era.
531 1021 635 1094 ‘ecclia
666 1047 711 1094 cx
735 1046 806 1093 uno
831 1020 938 1120 MS.)
969 1024 1017 1092 ait
1044 1021 1175 1111 maior,
1201 1020 1276 1119 ''qua

209 1125 369 1215 illorum,
397 1126 461 1224 qui
473 1165 537 1196 -.
590 1122 695 1197 Orat.
724 1148 758 1196 c.
782 1121 824 1216 2,
842 1123 881 1195 7.
910 1124 1005 1224 quod
1028 1123 1066 1192 ia
1086 1120 1276 1219 perpetrato

214 1226 356 1300 dicendi
380 1251 451 1298 non
477 1252 599 1323 caepe,
642 1237 755 1326 atque
768 1226 867 1297 haud
889 1228 960 1297 scio
984 1250 1031 1296 aa
1054 1247 1237 1324 umquam,
1271 1244 1276 1287 ι

185 1348 189 1357 “
215 1328 336 1427 aliqua
362 1338 478 1400 erstem
498 1339 601 1425 porte
626 1329 740 1400 elucet
763 1327 975 1431 αὶίφιαηιίο,
1018 1318 1276 1397 consentientibs

214 1428 379 1502 omnihus
399 1427 505 1501 codd.
558 1429 642 1501 Huc
660 1431 765 1502 etiam
781 1431 935 1525 pertinet
950 1428 1195 1500 versatissimus
1217 1422 1275 1494 loo

217 1528 331 1604 Corn.
347 1529 443 1627 Nep.
459 1529 594 1604 Timol.
610 1527 648 1623 i,
666 1527 704 1602 i.
758 1531 845 1604 Sine
870 1531 974 1603 dubio
999 1555 1146 1628 mopncsc
1170 1525 1275 1598 cornio

217 1634 346 1705 iudicio
362 1632 418 1704 iric
434 1634 490 1703 vir·
506 1635 650 1706 exstitit.
688 1631 854 1734 Namque
869 1634 950 1704 duic
967 1633 1032 1702 uni
1045 1631 1200 1729 occepit,
1226 1648 1275 1727 qut

218 1737 333 1807 nescio
356 1760 403 1805 aa
421 1732 511 1826 citt,
539 1746 592 1807 'ut
614 1745 650 1807 et
670 1739 823 1833 patriam
842 1775 894 1792 -
913 1758 1114 1832 oppressam
1142 1730 1275 1803 literar«

219 1847 268 1908 ct.
285 1876 337 1893 ·-
359 1859 430 1931 quo
453 1833 535 1908 loco
553 1835 686 1909 Lomh.
705 1846 742 1910 et
758 1837 883 1910 Bromi
903 1842 1115 1932 receperunt
1138 1831 1249 1904 nescio
1269 1864 1275 1897 ι

220 1936 334 2038 nulii:
360 1934 500 2008 Bardili
525 1963 544 2011 c
571 1935 690 2012 codd.
711 1965 760 2011 aa
784 1938 864 2011 ulli.
917 1938 1228 2037 Heusingerus
1251 1957 1273 2002 o

309 2244 528 2337 le'riseckios
551 2269 579 2318 et
600 2257 754 2320 Beierus
775 2258 839 2345 (qui
860 2259 999 2321 Erexi·
1020 2261 1057 2320 ad
1077 2258 1137 2320 Cic.
1160 2259 1195 2317 do
1214 2254 1274 2317 offic

300 2344 430 2429 ι11,33.
452 2343 516 2401 ullu
538 2343 716 2423 defenderat)
737 2349 768 2405 in
789 2348 861 2406 Exc.
882 2347 918 2407 ΙΙ.
940 2347 976 2406 ad
998 2348 1074 2409 Loci,
1096 2348 1125 2422 fl.
1140 2347 1192 2402 28.
1213 2342 1274 2419 aa*

310 2429 429 2487 Accedit
450 2427 616 2488 Handius
637 2433 669 2489 in
681 2430 803 2491 Turseli.
818 2432 840 2491 Ι.
861 2451 888 2509 p.
904 2435 1019 2509 mitet
1034 2433 1105 2489 328.
1147 2426 1274 2488 Contrati

312 2514 463 2572 lectionem
485 2514 549 2572 ulia
571 2510 758 2576 defenderunt
786 2518 874 2576 Otto
902 2521 933 2574 in
954 2518 998 2575 cd.
1018 2514 1081 2576 Cat.
1102 2526 1133 2574 et
1153 2511 1274 2571 Klotai

313 2611 427 2677 praeter
447 2599 492 2660 ed.
505 2599 633 2680 Catonis,
654 2603 896 2662 consentientibus
917 2600 1006 2660 Codd.
1029 2600 1141 2662 Trevir.
1157 2608 1186 2656 et
1200 2595 1274 2656 Haeo

313 2687 346 2742 iu
366 2686 552 2743 annotatione
572 2685 609 2745 ad
630 2686 705 2745 Lael.
727 2709 752 2746 c.
765 2692 795 2760 6,
813 2691 864 2745 20.
885 2706 912 2764 p.
930 2689 1000 2745 123.
1022 2687 1070 2744 ubi
1092 2684 1126 2742 de
1147 2680 1272 2741 nostrol

315 2768 372 2827 ait:
393 2770 581 2840 „cum-libris
602 2775 852 2849 praestantissimis
866 2791 907 2837 ,ac
928 2790 999 2848 pene
1020 2772 1151 2828 omnibus
1170 2765 1273 2825 hands

318 2872 359 2911 aa
380 2853 445 2910 uita
466 2855 585 2930 reiiqni,
619 2859 793 2932 coierant,
823 2860 872 2934 qui
894 2877 930 2915 ex
951 2858 1024 2915 libro
1047 2855 1168 2932 quodam
1189 2870 1273 2911 coron

318 2938 418 2996 darent
432 2937 547 2995 auila.“
590 2939 667 2997 Huic
688 2943 805 3000 lectioni
826 2940 955 3029 (ullam)
977 2944 1001 2999 si
1017 2942 1159 3018 posterius
1177 2936 1273 2996 membr

312 3030 355 3081 'ex
368 3022 460 3080 aliena
472 3026 612 3082 sententia
625 3025 731 3083 dictura
754 3038 847 3102 putas,
869 3030 900 3085 in
921 3029 1017 3104 pricrc
1038 3025 1170 3099 mcnrbro
1184 3038 1273 3097 suppo

318 3125 377 3164 non
390 3105 474 3164 nolio
487 3110 648 3183 oppositum
662 3125 715 3182 cst,
737 3113 786 3170 sed
808 3111 890 3172 houd
911 3115 982 3186 ecio,
1004 3111 1177 3168 deorumne
1198 3124 1273 3166 senes

319 3190 492 3250 doctissima
507 3193 559 3262 cit,
580 3213 626 3252 cn
648 3194 728 3253 olio
750 3196 948 3258 beatioresne
964 3197 1072 3277 possit.
1093 3194 1122 3252 h.
1137 3212 1162 3251 e.
1175 3212 1215 3250 an
1233 3209 1269 3269 pc

321 3275 395 3337 ulla.
438 3274 518 3341 Haec
530 3277 627 3336 addidi
641 3281 777 3339 adversus
795 3282 981 3357 Beicrum,
1002 3282 1053 3357 qui
1069 3281 1088 3338 Ι.
1101 3300 1125 3337 c.
1141 3298 1168 3355 p.
1180 3276 1273 3336 227st

321 3381 362 3421 ec·
383 3360 485 3420 aliena
506 3365 656 3422 sententia
678 3365 784 3425 dictum
807 3369 925 3426 irridere
945 3368 1054 3438 voluit,
1084 3385 1148 3422 curo
1171 3360 1273 3420 defend·

320 3448 478 3524 periculum
499 3446 629 3507 fecissem
650 3453 681 3508 in
702 3450 874 3512 Seebodii
895 3455 968 3512 libro
990 3449 1088 3509 Neues
1101 3441 1272 3522 Arciiofii

322 3531 382 3624 ici.¹
400 3529 551 3611 LJodrg.
586 3538 689 3599 Leno.
712 3539 801 3598 1826.
829 3532 857 3614 p'.
878 3540 926 3596 18.
944 3554 1021 3614 seqq.
1074 3532 1160 3594 Nunc
1180 3533 1254 3589 enirn

322 3619 462 3676 rationem
479 3621 608 3695 exposui,
631 3639 715 3696 quam
737 3634 860 3697 quatuor
880 3624 964 3681 annis
985 3632 1051 3680 ante
1072 3622 1178 3695 scripta
1190 3613 1272 3675 Cornu

324 3705 397 3761 tatic
410 3705 642 3782 grammaticali.
655 3707 827 3765 continebat.
870 3705 959 3783 Hanc
967 3709 994 3764 si
1008 3706 1144 3781 sequeris,
1167 3700 1230 3761 olio
1242 3719 1272 3756 nr

228 3837 234 3848 ,
316 3790 389 3858 vloco
411 3807 447 3844 ex
468 3793 560 3846 totius
581 3794 739 3849 sententiae
760 3792 872 3850 ratione
893 3803 922 3850 et
942 3792 1039 3868 potius
1051 3789 1167 3850 videtur·
1179 3785 1272 3865 negati

325 3875 388 3933 risu
408 3883 472 3947 post
493 3871 576 3931 huod
595 3877 656 3932 ocio
672 3895 712 3933 an
729 3877 903 3949 assumsisse,
926 3895 1011 3953 quam
1033 3894 1069 3931 cx
1090 3873 1234 3949 suppressi
1254 3889 1272 3924 n

325 3957 371 4014 bri
392 3959 580 4032 oppositione,
602 3977 667 4016 cuns
680 3959 797 4018 Catonis
818 3957 931 4020 ostiarus
953 3972 1015 4020 toto
1037 3960 1087 4017 illo
1109 3960 1183 4031 icco,
1204 3956 1272 4028 inspr

326 4040 436 4100 verbis:
468 4039 546 4101 Num
568 4044 664 4120 igitur
686 4063 784 4102 corum
806 4055 940 4106 senectus
962 4043 1142 4104 miserabilis
1156 4037 1247 4118 fuiti

257 4134 260 4141 “
326 4126 446 4184 sentiret
467 4136 603 4203 etquum
624 4130 715 4212 cintus
735 4129 923 4190 admiratione
945 4142 1035 4204 esset,
1072 4126 1271 4208 significasset·

320 4186 442 4284 *Icadius
469 4210 490 4271 i.
516 4230 542 4270 c.
569 4213 729 4288 amicitiae,
765 4216 858 4276 divini
885 4217 1027 4291 muneris,
1064 4211 1241 4295 ppestantio
1267 4230 1271 4259 ⁴

327 4306 430 4355 motus.
