2654 4854
112 325 196 405 ιι.
231 358 233 362 -
328 272 690 391 ··corumumn0
710 324 989 393 uumumncn
1020 368 1043 385 .-

136 500 264 593 elucet,
291 497 380 570 baec
403 494 513 571 verba
539 495 621 568 dum
646 506 727 570 sunt
752 497 946 591 auxiliaria,
975 501 1140 596 quoniam
1162 524 1240 573 uon

60 598 63 603 ’
135 604 372 685 accusativum
404 625 531 699 regere
563 611 732 699 possunt,
770 601 978 672 infinitivum
1007 626 1127 695 secum
1157 602 1238 673 iun·

103 732 241 806 ·gere,
284 707 383 778 cuius
414 728 481 822 ope
506 701 547 772 fit
573 700 722 774 subiecti
752 712 788 774 et
818 703 1013 799 praedicati
1041 702 1237 800 copulatio,

135 817 172 881 et
196 806 450 881 enunciationis
476 804 590 874 forma
615 805 808 901 perficitur,
838 806 950 902 qualis
977 810 1064 879 est
1054 833 1091 877 ιιι
1115 805 1238 878 verbis

134 909 377 983 desiderativis
393 909 606 997 coenatoria,
630 911 757 998 esurio,
782 911 940 979 cuchemo.
984 909 1028 979 In
1047 934 1117 1007 quo
1138 910 1238 979 auxi·

133 1011 270 1084 liarium
296 1009 484 1099 verborum
510 1035 656 1080 numero
682 1036 772 1106 quae
800 1010 1043 1105 cupiditatem,
1076 986 1279 1081 voluuta-

133 1124 220 1206 tem,
248 1112 400 1185 studium
420 1111 633 1208 significant,
663 1138 704 1183 ea
723 1122 802 1183 sunt
821 1112 1005 1202 eiusmodi,
1032 1125 1085 1204 ut,
1113 1139 1239 1235 quem·

134 1214 322 1288 admodum
348 1213 555 1284 substantivi
581 1216 815 1284 accusativum
840 1242 913 1287 uon
938 1214 1146 1311 repudiant,
1184 1216 1240 1287 sic

133 1319 368 1390 accusativum
395 1341 473 1386 cum
500 1315 690 1406 infinitivo,
729 1318 893 1388 seiuncta
919 1318 1060 1437 quidem
1087 1316 1241 1389 subiecti

133 1429 170 1492 et
195 1418 325 1492 obiecti
348 1417 590 1508 conditione,
603 1416 697 1523 baud
721 1444 802 1489 raro
828 1421 1021 1514 recipiant,
1057 1421 1130 1489 sive
1156 1418 1240 1489 inli-

132 1522 232 1592 nitivi
264 1519 458 1592 subiectum
490 1519 583 1590 idem
606 1508 660 1590 sit
693 1546 770 1610 cum
802 1521 903 1593 verbi
934 1521 1023 1592 finiti
1058 1520 1237 1614 subiecto,

132 1625 206 1695 sive
237 1620 345 1693 aliud.
407 1622 569 1717 Utroque
599 1632 704 1715 pacto
736 1626 955 1695 accusativus
987 1650 1021 1697 c.
1054 1622 1122 1693 inf.
1159 1648 1241 1695 rem

131 1725 307 1823 significat
329 1734 505 1821 tamquam
525 1726 741 1795 extrinsecus
759 1723 1012 1832 accipiendam,
1037 1751 1129 1796 nunc
1148 1725 1267 1795 ιιΙίιι-.

117 1854 210 1898 rum
234 1826 385 1917 iudicio,
432 1851 523 1896 nunc
551 1828 713 1899 fortunae
739 1822 885 1899 arbitrio
913 1830 1159 1917 commissam,
1196 1834 1242 1899 ut

20 1990 23 1995 .
132 1928 212 2002 Cic.
240 1929 358 2024 Epist.
383 1928 455 2011 IX,
486 1925 549 1997 19
604 1928 695 2000 Rem
725 1932 788 1999 tibi
809 1932 889 2001 volo
916 1933 1001 2002 bene
1024 1940 1059 2001 et
1081 1929 1243 2026 feliciter

131 2032 281 2104 evenire.
275 1954 418 2102 PCatil.
437 2029 470 2120 I,
499 2025 540 2119 2,
568 2027 609 2099 d.
666 2029 791 2125 Cupio,
817 2044 936 2129 putres
960 2033 1156 2128 conscripti,
1182 2054 1241 2104 me

131 2159 203 2205 case
227 2133 446 2205 clementem:
476 2133 577 2225 cupio
603 2134 640 2201 in
663 2136 771 2204 tentes
789 2138 876 2231 reip.
897 2135 1063 2231 periculis
1086 2160 1140 2204 me
1163 2158 1241 2205 corr

131 2235 337 2320 dissolutum
359 2235 481 2305 videri.
526 2232 633 2304 offic.
652 2234 703 2324 ll,
733 2233 805 2324 20,
833 2236 903 2308 70.
933 2236 1021 2328 illis,
1060 2234 1244 2332 aquibus'

21 2428 24 2433 ,
131 2346 515 2435 exspectat—pratum
532 2362 568 2407 se
585 2337 699 2407 videri
717 2341 844 2410 studet.
900 2338 1006 2411 offic.
1026 2337 1059 2426 l,
1081 2335 1144 2430 19,
1163 2335 1235 2409 65.

127 2441 386 2538 principemque
402 2465 439 2509 se
455 2464 526 2510 esse
544 2438 690 2528 mavult,
720 2465 823 2538 quam
841 2443 966 2513 videri.
1022 2439 1132 2512 Cuius
1149 2456 1243 2512 con·-¹

130 2543 333 2636 structionis
360 2566 464 2613 causa
490 2566 560 2611 non
588 2550 642 2611 est
668 2543 704 2611 in
733 2543 875 2614 vitanda
902 2542 1149 2640 ambiguitate,
1188 2566 1237 2617 nc
1274 2606 1278 2613 .

128 2642 322 2740 praedicati
337 2670 406 2714 vox
425 2667 491 2739 pro
515 2641 673 2713 subiecto
693 2642 877 2735 habeatur,
903 2647 933 2715 si
951 2644 1047 2716 dicas
1064 2644 1238 2741 Princeps

129 2772 202 2818 eece
226 2746 379 2837 mavult,
416 2770 518 2843 quam
541 2747 670 2837 videri,
713 2745 776 2817 sed
808 2748 934 2868 partim
966 2746 1010 2817 ad
1041 2745 1235 2819 notandam

77 2916 83 2925 ,
129 2846 355 2944 cupiditatem
397 2849 639 2943 pronominis
659 2851 877 2919 accusativus
918 2852 1033 2947 ipsum
1078 2847 1236 2921 ostendit

128 2945 321 3050 (tamquam
345 2945 551 3044 obiectum),
581 2975 686 3044 quem
711 2951 905 3047 principem
926 2951 1012 3022 velit
1030 2976 1123 3041 esse,
1150 2974 1234 3046 par·

126 3053 191 3124 tim
215 3062 422 3148 propterea,
451 3050 547 3146 quod
572 3051 724 3149 intelligi
749 3052 873 3143 debet,
902 3052 939 3124 id
965 3052 1060 3150 quod
1086 3053 1206 3125 velit'
1195 3078 1234 3124 ra

127 3152 204 3226 sola
232 3154 426 3244 voluntate,
453 3152 517 3224 sed
543 3154 740 3225 eventum
730 3160 767 3225 rb
793 3157 906 3255 gratia
931 3157 989 3229 vel
1011 3154 1141 3228 iudicio
1166 3153 1232 3227 bo·

15 3278 21 3295 ·
125 3257 259 3328 minum
286 3281 362 3327 esse
388 3257 541 3351 positum
558 3254 634 3356 13).

127 3511 182 3594 13)
211 3511 299 3571 Plura
316 3515 385 3570 bene
400 3513 434 3571 de
451 3513 505 3572 hac
520 3534 552 3572 re
566 3513 724 3591 disputavit
736 3511 812 3575 chr.
827 3514 943 3572 Gottl.
956 3514 1104 3595 Herzog
1122 3517 1154 3574 in
1170 3513 1228 3575 Ob-

211 3601 414 3657 acrccticnum
427 3601 457 3657 in
472 3600 625 3658 nonnullos
638 3609 770 3658 ceterum
783 3602 960 3678 scriptorum
974 3600 1063 3670 locor,
1077 3601 1183 3660 Partic.
1194 3602 1231 3661 lt.

211 3684 304 3742 Gerae
315 3687 403 3742 1829.
419 3705 445 3761 p.
456 3689 501 3743 18.
512 3705 590 3761 seqq.
604 3687 652 3742 ubi
669 3684 797 3742 Gratum
811 3705 842 3743 ee
855 3686 954 3744 videri
966 3688 1064 3744 studet
1078 3683 1156 3765 (pag.
1166 3680 1230 3771 23.)

210 3770 286 3828 idem
308 3772 404 3827 valere
426 3771 505 3839 dicit,
526 3790 559 3828 ac
581 3772 606 3827 si
628 3772 750 3829 dixeris:
774 3770 811 3829 ab
826 3771 897 3829 aliie
913 3783 1023 3848 gratae
1038 3772 1144 3830 tatere·
1156 3773 1230 3832 cult.

211 3853 377 3933 Distinguit
397 3857 472 3913 enim
490 3857 543 3914 Vir
564 3856 600 3913 D.
621 3857 777 3914 Verborum
800 3859 1044 3917 voluntatieorum
1066 3858 1232 3919 inferiorem

212 3940 359 4009 ordinem,
379 3942 410 3997 in
432 3958 487 4015 quo
510 3953 585 3998 sunt·
598 3943 685 4000 verba
708 3943 895 4015 auxiliaria,
926 3964 943 4002 a
964 3945 1110 4019 superiore
1131 3944 1232 4003 ordine

213 4024 423 4085 absolutorum.
465 4027 588 4101 „ltaque
603 4046 690 4102 quum
707 4028 783 4085 velte
797 4031 836 4086 eit
854 4030 949 4087 auimo
964 4029 1073 4105 aliquid
1087 4041 1230 4105 appetere,

163 4173 165 4177 ι
212 4110 243 4167 id
264 4110 334 4168 fieri.
348 4120 443 4185 potest
463 4114 510 4168 vel
530 4113 583 4180 ita,
605 4123 637 4169 ut
651 4114 740 4169 animi
753 4133 825 4189 quac
845 4114 1024 4192 significatur
1040 4117 1164 4176 intentio
1184 4116 1231 4173 vel

213 4195 379 4271 proclivitas
400 4195 542 4254 hominem
563 4197 656 4269 ipsum
678 4211 802 4272 spectet,
824 4198 911 4273 idque
930 4200 1126 4268 contendatur,
1148 4202 1231 4258 cuius

211 4282 274 4356 ipse
294 4283 408 4338 consilii
429 4294 530 4341 auctor
545 4301 661 4356 compos
674 4283 738 4340 fieri
751 4286 797 4341 rel
816 4284 939 4363 cogitari
957 4296 1059 4360 potest.
1103 4288 1142 4344 At
1158 4301 1228 4343 con·
