2654 4854
185 384 190 393 .
317 337 373 401 uu
393 276 650 403 recussum
671 332 764 401 con
781 306 1011 404 mvrmrivo.
1184 340 1214 419 5

111 507 294 581 studentes
318 511 426 583 variis
450 508 673 582 adhibuerint
697 508 965 604 occasionibus,
1006 520 1043 585 et
1065 534 1150 585 mox
1172 512 1212 586 in

111 612 390 708 frequentiorem
420 613 665 710 diversumque
688 638 791 683 usum
819 614 966 685 siverint
997 610 1214 688 aberrare.“
1301 680 1304 685 .

109 712 157 785 In
186 713 242 784 his
275 714 443 810 phrases,
486 741 576 813 quae
608 717 844 787 accusativum
876 740 910 788 c.
938 714 1038 787 ialin.
1065 726 1104 787 ut
1129 715 1212 789 suh·

109 814 241 887 iectum
265 818 512 913 praemittant,
557 814 726 915 (constat,
769 828 935 913 apparet,
978 814 1102 918 simil.)
1134 818 1211 893 fere

110 940 235 990 omnes
253 930 422 1017 cognatas
440 943 519 991 esse
538 918 658 990 verbis
679 917 852 989 sentiendi
870 931 906 990 et
925 917 1079 990 dicendi.
1114 920 1214 1011 Quid

109 1045 198 1092 vero
223 1032 351 1092 statuet
375 1021 425 1096 V.
454 1022 505 1092 1).
535 1019 578 1092 de
603 1020 678 1091 bis:
726 1023 838 1091 viram
868 1022 995 1091 hoamo
1024 1047 1096 1094 eece
1125 1023 1213 1097 actile

108 1132 184 1214 cst,
216 1147 286 1192 uon
311 1149 462 1195 emacem
486 1148 558 1195 esse
583 1122 733 1220 vectipal
756 1121 828 1193 eet?
873 1120 924 1193 Ut
955 1132 1069 1193 autem
1102 1123 1213 1196 multa

108 1222 148 1294 in
169 1221 239 1294 boc
263 1249 394 1322 genere
415 1225 607 1322 pervertit,
638 1226 689 1295 sic
714 1223 925 1337 infinitivos,
962 1222 1126 1296 adiuncto
1152 1250 1210 1299 ac·

109 1327 282 1418 cusativo,
308 1326 447 1423 felicem
467 1352 552 1416 esse,
580 1328 695 1399 videri
713 1337 783 1398 etc.
808 1351 891 1405 non,
904 1351 948 1397 ex
972 1328 1211 1422 propensione

109 1422 165 1527 (ut
189 1428 258 1522 ipsi
281 1427 399 1501 dicere
425 1426 571 1528 placuit)
603 1426 757 1498 inillam
785 1431 1083 1501 constructionem
1108 1454 1211 1502 accu-

108 1529 213 1599 sativi
232 1542 395 1626 repetere
418 1530 584 1620 debebat,
612 1527 676 1601 sed
702 1555 746 1601 ex
772 1531 962 1601 accusativi
987 1532 1210 1603 necessitate.

106 1627 214 1701 Haec
230 1641 267 1703 et
286 1631 355 1702 alia
372 1658 451 1703 cum
463 1633 532 1705 Vir
548 1630 689 1727 quidam
703 1632 754 1703 Ι).
769 1629 804 1730 ³)
827 1633 864 1700 in
881 1629 1213 1703 Wachsmuthii

106 1728 230 1803 libello
257 1724 481 1804 diiudicando
508 1742 608 1804 acute
634 1741 773 1804 notaret
798 1740 852 1821 et,
895 1733 1106 1803 contrariam
1132 1759 1213 1805 sen·

106 1835 257 1905 tentiam
282 1832 491 1926 defendens,
519 1834 756 1906 accusativum
779 1831 934 1928 pendere
959 1833 1067 1905 vellet
1091 1859 1135 1906 ex
1160 1836 1212 1907 in-

104 1934 261 2026 finitivo,
290 1938 351 2032 qui
376 1962 396 2007 a
423 1936 530 2008 verbo
557 1934 790 2031 praecedente
815 1945 1013 2034 regeretur,
1043 1937 1081 2007 in
1106 1936 1212 2009 alium

105 2062 268 2109 errorem
302 2040 462 2110 incurrit.
529 2038 621 2110 Nam
655 2036 842 2108 formulam
876 2039 977 2133 cupio
1015 2049 1048 2110 te
1082 2040 1213 2113 discere

101 2138 158 2213 Υ.
182 2140 235 2209 D.
260 2140 312 2210 sic
335 2141 598 2237 iuterpretatur,
626 2148 664 2209 ut
689 2140 907 2211 accusativus
935 2151 967 2211 te
990 2139 1144 2235 pendeat
1167 2167 1214 2213 ex

104 2240 278 2312 infinitivo
305 2244 457 2334 dc'scere,
487 2245 547 2340 qui
571 2252 719 2337 propter
742 2240 922 2313 relationis
946 2242 1016 2311 vim
1042 2243 1212 2314 accusati·

105 2368 189 2413 vum
214 2343 369 2438 postulet
384 2341 436 2445 ⁴).
497 2343 607 2435 Quod
635 2369 760 2439 parum
794 2368 872 2413 cum
901 2341 1061 2412 infinitivi
1086 2354 1213 2415 natura
1299 2418 1303 2429 ,

107 2446 318 2536 convenire,
359 2448 463 2518 etiam
490 2473 535 2518 ex
559 2445 629 2516 boc
656 2443 817 2540 exemplo
844 2444 1066 2541 intelligitur.
1126 2444 1211 2516 Cre·

107 2546 215 2617 dicite
242 2558 311 2639 est,
357 2548 532 2619 leoraimrm
558 2574 664 2619 caasa
694 2546 828 2643 sactum
855 2572 927 2616 esse
951 2546 1139 2636 marcatum,
1174 2548 1212 2617 in

108 2672 181 2745 quo
205 2646 341 2743 sactrcm
366 2646 451 2721 dicit
476 2651 640 2721 allectum
673 2672 751 2718 esse
782 2645 826 2716 ab
859 2672 930 2716 esse
958 2657 1097 2717 etcum
1122 2672 1212 2720 voce

107 2751 276 2819 mandam
308 2760 477 2847 tanquam
509 2750 718 2822 adiectivum
748 2747 986 2819 coniunctum.
1046 2743 1100 2820 At
1133 2774 1213 2821 ver·

100 2848 195 2922 ‘bum
228 2877 322 2943 cese,
353 2849 470 2949 ‚quod
502 2850 715 2949 praedicato.
745 2857 864 2941 caret,
912 2873 979 2922 nec
1014 2849 1083 2921 nisi
1114 2846 1213 2925 mera

128 3084 167 3165 3)
194 3086 458 3167 Heidelbergiachc
471 3090 661 3150 Jahrbitclser
671 3088 725 3149 der
736 3088 907 3148 litteratas·
922 3089 1011 3146 1816.
1033 3106 1059 3163 p.
1069 3088 1141 3145 037.
1153 3104 1211 3164 seq.

128 3170 166 3257 4)
196 3172 267 3231 ibid.
289 3194 316 3251 p.
332 3180 403 3234 939.
441 3178 557 3249 „Wenn
581 3179 631 3236 das
651 3175 819 3255 regierende
838 3175 961 3232 Verbum
983 3173 1124 3230 sentiendi
1144 3172 1214 3229 oder

70 3308 74 3315 ,
126 3318 131 3323 ,
195 3240 360 3319 declarandi
381 3265 421 3319 im
442 3265 527 3321 Activ
548 3262 639 3333 steht,
661 3281 692 3319 so
712 3264 751 3318 ist
767 3280 797 3317 er
814 3257 879 3343 (der
897 3252 1040 3337 lutinitiv)
1058 3256 1213 3314 derriceu-

82 3402 89 3411 ,
194 3348 284 3404 sativ:
313 3350 398 3427 capio
418 3348 548 3420 discere,
571 3350 640 3405 wie:
662 3364 785 3425 possum
804 3344 934 3404 scribere
955 3338 1094 3420 (Aecus).
1135 3341 1215 3399 tetre

63 3482 70 3489 .
195 3430 250 3486 soli
267 3430 328 3487 sich
345 3434 395 3490 das
414 3434 528 3507 discere
542 3434 595 3490 auf
611 3433 660 3489 das
673 3429 793 3507 Subjeet
807 3431 889 3503 „du“
904 3426 1046 3485 heziehen.
1069 3457 1108 3468 --
1131 3423 1214 3496 „Das

196 3513 307 3573 heman
327 3538 384 3576 von
407 3518 461 3596 dir,
484 3520 533 3575 das
548 3518 658 3575 Lernen
675 3516 810 3588 deiner“;
833 3516 883 3571 der
897 3508 1049 3569 Ausdruck
1065 3509 1114 3565 des
1130 3506 1214 3564 Sich-

195 3597 361 3674 berichem,
384 3598 665 3660 Sich-Erstrecirsur
686 3602 727 3657 ist
748 3600 816 3656 aber
837 3599 887 3654 der
908 3595 1071 3663 decusatim
1093 3593 1152 3649 also
1175 3600 1216 3653 to.

199 3717 239 3729 —-
254 3720 293 3731 -
315 3686 494 3767 Belagerung
511 3689 561 3745 der
575 3685 660 3744 stadt
682 3685 853 3761 oppugnari
873 3679 973 3738 arbem
994 3677 1122 3756 helagrrt
1140 3694 1216 3737 svor·

197 3771 250 3826 den
263 3771 399 3850 (gedacht
413 3773 455 3828 als
470 3771 529 3828 sich
543 3768 735 3838 erstreckend,
758 3761 933 3846 srgreifend)
951 3765 996 3820 die
1009 3759 1104 3819 stadt.
1118 3792 1158 3804 -
1173 3798 1212 3808 —

198 3854 283 3915 steht
304 3858 355 3914 das
376 3857 542 3934 regiercnde
564 3856 687 3913 Verbum
710 3856 749 3909 im
771 3851 888 3922 Passiv,
925 3870 956 3907 so
979 3846 1050 3907 wird
1072 3847 1216 3904 natrirlich

163 3944 168 3953 “
198 3940 248 3996 der
267 3940 396 4015 infinitiv
420 3942 469 3996 der
490 3939 672 4010 Nominativ,
704 3938 758 3995 wie
780 3940 835 3995 alle
858 3935 1027 3993 accusative
1048 3931 1215 4006 riberhaupt.

197 4023 263 4082 Und
286 4046 317 4083 ιο
339 4028 393 4085 wie
415 4028 454 4081 im
477 4035 568 4081 ersten
589 4023 650 4079 Fall
672 4022 722 4079 der
734 4024 800 4079 Aac.
815 4042 840 4080 c.
857 4021 911 4078 lnf.
925 4021 1030 4095 Obieet
1047 4015 1096 4072 des
1115 4014 1216 4072 Satzes

199 4129 272 4180 var,
290 4130 327 4177 ¹so
349 4111 424 4169 wird
446 4129 477 4166 er
497 4112 571 4185 jetzt
592 4105 725 4183 Subject:
759 4106 895 4186 Undique
912 4100 1100 4163 concluditur
1117 4099 1216 4156 omnia

177 4196 320 4253 ‘consilio
336 4197 437 4254 divino
452 4194 680 4253 administrari:
702 4193 751 4251 das
766 4188 1033 4253 Verwaltetwerden
1051 4203 1109 4243 ron
1124 4184 1217 4241 bilem

199 4279 367 4359 (gleichsam
388 4281 512 4365 „anm
530 4274 690 4358 aliieircnd)
712 4278 785 4337 vird
805 4275 1016 4382 geschlosspn.“

912 4352 935 4428 1
