2836 4852
209 325 264 403 14
456 279 759 390 sommarium
781 282 1102 393 ermanricus

211 524 291 571 cum
316 497 501 571 castissimi
521 496 741 592 scriptores‚·
767 507 806 567 ut
831 495 981 588 Cicero,
1009 523 1081 569 non
1107 497 1317 573 dubitarent
1348 528 1353 567 ¹.

210 599 328 673 dicere
346 602 458 672 Tusc.
473 599 507 691 l,
527 595 591 690 15,
611 598 679 671 55.
717 600 837 672 Licuit
852 627 922 673 ease
941 603 1048 671 otioso
1070 600 1314 693 Themistocli,
1339 604 1353 693 ’ξ

210 703 308 775 licuit
331 702 613 797 Epaminondae.
673 701 774 773 Idem
800 711 917 773 tamen
941 727 1007 798 pro
1033 702 1150 774 Balbo
1177 728 1211 774 c.
1242 700 1337 775 12.¹

210 804 348 897 Quodsi
369 806 437 876 civi
458 803 620 873 Romano
644 803 723 875 licet
743 830 814 875 esse
835 803 1052 875 Gaditanum
1072 803 1134 905 14)’
1183 805 1315 877 Latius
1334 838 1353 877 ,τ

207 908 313 978 etiam
339 907 368 975 is
391 906 608 979 attractionis
633 931 716 976 usus
738 900 866 1001 serpsit
888 905 982 1001 apud
1004 918 1142 1002 poetas,
1172 909 1250 1005 qui,
1273 916 1316 979 nt
1348 940 1353 975 ι

207 1005 339 1080 Gracci
363 1015 521 1107 μέμνησο
547 1002 739 1106 ἄνθρωπος
764 1003 829 1095 ὧν,
856 1009 931 1078 ausi
957 1018 1038 1079 sunt
1063 1009 1182 1080 dicere
1204 1011 1318 1081 saucit
1338 996 1353 1065 1

207 1112 337 1182 medios
365 1109 528 1204 delapsus
554 1111 591 1179 iu
617 1110 750 1200 hostes,
795 1110 900 1208 Virg.
927 1105 1025 1181 Aen.
1042 1102 1113 1210 'll‚'
1132 1109 1226 1182 577.
1255 1108 1316 1182 vel

207 1214 291 1385 puio
304 1211 426 1283 retulit
438 1209 535 1280 Aiax
549 1236 620 1282 esse
635 1210 732 1281 Iovia
745 1237 932 1309 pronepos.
961 1209 1070 1284 Ouid.
1087 1212 1180 1284 Met.
1196 1212 1313 1305 ΧΙΠ,
1346 1222 1349 1231 “

194 1361 198 1367 -
234 1311 302 1387 12.
322 1323 357 1383 et
370 1313 508 1383 Lucan.
524 1312 597 1403 lx,
613 1311 733 1384 1057.
759 1324 937 1412 tutumque
954 1317 1092 1411 putavit
1112 1317 1182 1385 ium
1201 1317 1315 1385 bouus
1337 1406 1343 1415 Ι

208 1441 280 1487 esse
295 1440 404 1486 socer.
458 1410 570 1484 Aliud
585 1440 696 1510 genus
714 1417 932 1486 attractionis
945 1415 1003 1487 vel
1019 1415 1315 1488 conformationis
1349 1410 1353 1487 ,¹

108 1588 113 1597 ,
206 1517 366 1613 inprimis
394 1517 432 1586 iu
457 1518 616 1588 oratioue
644 1516 786 1613 obliqua
808 1523 890 1613 post
911 1543 1107 1612 pronomen
1128 1517 1233 1591 relat.
1253 1512 1353 1623 vesu}

206 1621 302 1691 coni.
331 1644 434 1718 quam
455 1618 754 1709 animadvertitur,
783 1621 813 1689 si
838 1622 1056 1693 accusativus
1081 1645 1114 1690 c.
1136 1618 1313 1691 infinitivo

204 1723 453 1818 praecesserit,
480 1722 578 1792 cuius
595 1721 745 1792 formam
768 1720 880 1792 induit
903 1723 1044 1793 concisa
1065 1720 1175 1792 altera
1199 1746 1313 1793 enun-

206 1825 325 1915 ciatio‚
354 1835 392 1895 ut
408 1824 491 1893 Fin.
516 1824 549 1913 l,
569 1821 610 1913 5,
632 1821 699 1894 10.
727 1825 791 1894 aad
809 1826 858 1895 itu
881 1827 991 1895 sentio
1008 1866 1055 1878 -
1071 1822 1217 1894 latinam
1243 1824 1311 1896 lin·

180 1980 184 1987 .
204 1950 308 2024 quam
325 1924 654 2021 -locupletiorem
676 1928 781 1997 etium
800 1951 886 2015 csse,
915 1951 1018 2024 quam
1039 1951 1208 2024 paciacum,
1226 1922 1311 2024 (pro

205 2051 309 2129 quam
329 2052 456 2125 praeca
484 2023 562 2126 est).
600 2026 711 2099 fl'um
739 2028 843 2097 etiam
869 2028 1087 2098 accusativus
1115 2050 1148 2098 c.
1167 2027 1245 2099 inf.
1274 2028 1314 2099 in

205 2138 297 2200 orat.
326 2127 400 2198 obl.
428 2127 930 2225 relativameeuunciationcm9
959 2155 1037 2200 eam
1059 2128 1201 2226 quidem
1226 2126 1311 2201 loco

204 2230 499 2302 demonstrativae
520 2231 684 2325 positam,
713 2241 881 2325 occupat3
908 2232 993 2301 item
1019 2232 1313 2329 interrogationis

204 2332 355 2403 formam
389 2342 571 2429 gerentem
605 2331 894 2404 exclamationem
926 2331 1019 2428 apud
1052 2333 1135 2404 Liv.
1165 2333 1199 2425 l,
1232 2326 1308 2405 50.

203 2431 267 2507 An
284 2435 471 2534 quidquam
487 2436 667 2533 superbius
685 2461 769 2525 esse,
798 2460 901 2534 quum
921 2434 1099 2533 ludificari
1112 2437 1161 2506 sic
1183 2461 1312 2509 nomen

202 2537 384 2608 Latinum.
439 2536 509 2608 Cui
536 2563 616 2633 uon¹
634 2563 804 2633 apparere
818 2537 894 2606 —i
930 2535 1095 2633 idemque
1120 2537 1247 2608 Livius
1273 2547 1311 2610 ct
1345 2582 1349 2591 ·

203 2639 263 2710 alii
286 2638 448 2710 historici
474 2641 556 2738 quia
580 2665 647 2734 pro
673 2641 784 2732 euiru3
819 2641 885 2711 eui
907 2663 973 2738 pro
1001 2651 1117 2711 turueu
1142 2665 1223 2711 cum
1249 2664 1308 2713 ac·

203 2742 360 2812 cusativo
385 2752 420 2812 et
444 2742 511 2811 ins.
539 2742 689 2839 iungunt
708 2738 783 2841 15).

302 2843 371 2912 Est
390 2867 475 2916 vero
493 2844 597 2914 etiam
614 2845 755 2914 tertium
773 2842 949 2940 quoddam
968 2868 1079 2942 genus
1098 2840 1306 2936 verborum,

204 2967 293 3040 quae
313 2969 392 3014 cum
409 2944 515 3013 animi
533 2942 755 3016 affectionem
774 2944 942 3038 iudicant,
970 2940 1208 3017 accusatiuum
1227 2951 1308 3018 cnm

203 3036 375 3116 infinitivo
402 3047 502 3142 sequi
526 3044 662 3136 iubent,
690 3057 728 3116 ut
752 3047 868 3136 doleo,
894 3051 1044 3146 puudco,
1073 3049 1194 3138 miror,
1222 3068 1320 3148 quei»

202 3172 275 3218 ror.
329 3147 398 3216 Est
424 3138 517 3218 enim
543 3148 580 3217 iu
604 3146 661 3217 his
685 3147 804 3219 verbis
829 3161 970 3244 praeter
998 3147 1224 3221 iucunditatis
1249 3148 1308 3223 vel

201 3248 462 3320 iniucunditatis
487 3249 718 3339 notationem,
747 3252 850 3321 ctiam
877 3249 1050 3323 sentiendi
1070 3250 1128 3323 vel
1150 3251 1309 3322 animad-

202 3348 363 3423 vertendi
389 3349 613 3449 significatio.
662 3349 741 3422 Cic.
765 3351 809 3422 ad
828 3348 908 3424 att.
928 3352 1016 3445 XV,
1036 3351 1102 3424 27.
1157 3351 1308 3427 Gaudeo

203 3454 242 3525 id
266 3462 298 3524 te
318 3454 405 3524 midi
423 3456 588 3545 suadere,
616 3455 712 3552 quod
730 3479 792 3552 epo
813 3480 890 3525 meu
911 3466 1034 3552 sponte
1056 3455 1233 3553 feceram
1262 3453 1309 3527 ad

201 3554 305 3626 Fam.
331 3555 365 3648 1,
394 3554 432 3629 7.
459 3555 555 3630 med.
607 3555 757 3631 Minime
775 3558 956 3648 miramur,
986 3569 1019 3631 te
1041 3559 1122 3648 tuis,
1149 3567 1190 3630 ut
1210 3582 1308 3657 cyre·

206 3825 257 3909 14)
287 3827 374 3885 Plura
389 3829 423 3884 de
445 3829 499 3885 hoc
521 3849 573 3887 usu
588 3831 668 3888 verbi
692 3832 760 3888 licet
782 3830 852 3885 bene
868 3829 1026 3904 disputavit
1045 3814 1308 3890 Weissenbor-

289 3916 371 3970 uius
393 3911 522 3990 (Syntax
546 3915 595 3969 der
616 3918 666 3972 lat.
689 3915 739 3990 Sp.
762 3920 790 3990 ξ.
809 3918 876 3971 164.
899 3935 925 3990 p.
940 3912 1026 3995 208).

72 4066 76 4075 ,
117 4064 120 4069 .
207 4015 260 4091 16)
291 4012 1306 4091 CRAug.GrotcfcudiiCommeaturzudenMotcriulienlut.

290 4097 504 4176 Stylitbungcn.
526 4097 693 4157 Hauuooer
708 4103 797 4158 1825.
819 4101 945 4165 Echl.
959 4102 1068 4160 'Uodar
1078 4103 1134 4161 deu
1147 4104 1308 4162 Gabrauclt

287 4183 556 4346 poagccsepqutivm
578 4203 602 4243 c.
624 4187 680 4258 inf.
700 4185 777 4243 arcad
799 4185 1030 4258 conjuactionem
1053 4188 1114 4246 und
1134 4187 1305 4304 Reiectum
1335 4238 1338 4247 .
