2654 4854
269 353 324 415 nn
344 350 601 430 nccoso'nvo
623 352 713 416 oon
735 352 967 418 rnnnrnvo.
1112 348 1165 426 21

10 486 21 595 1
46 556 49 563 ·
63 500 260 614 mearent,
287 523 392 619 plane
408 533 446 594 nt
461 516 635 619 Sophocli
651 522 787 594 Traoh.
805 519 877 594 90.
899 521 1002 598 οὐδὲν
1019 525 1167 619 ἐλλείψω

60 622 105 698 τὸ
119 622 171 724 μὴ
192 621 235 698 οὐ
251 628 373 699 πᾶσαν
385 631 576 700 πυθέσθαι
591 620 689 699 ooivd
714 620 892 726 ἀλήθειαν
907 633 996 723 πέρι.
1027 624 1166 696 Eodem

61 724 147 829 loeo
173 724 336 798 habenda
363 739 416 798 est
440 727 693 824 interrogativa
717 728 916 797 enunciatio
942 725 1075 797 Parad.
1095 726 1165 818 vl,

64 823 108 899 2.
129 838 219 898 extr.
276 829 364 920 Qor'o
384 830 697 928 pitter-dubitet,
725 832 808 928 qrcin
830 830 867 898 in
884 830 1010 901 virtute
1027 824 1168 900 divitiae

59 932 200 1026 positae
222 931 313 1000 sint?
338 942 443 1028 atque
470 940 609 1003 servato
636 927 761 1001 eodem
788 928 969 1022 subiecto,
997 957 1063 1028 pro
1089 928 1165 1029 leg.

61 1030 168 1103 Mon.
198 1056 232 1104 c.
261 1029 326 1103 16.
357 1042 448 1105 extr.
502 1033 734 1124 Dubitabitio,
780 1032 954 1125 Quirites,
994 1035 1078 1132 quin
1101 1033 1168 1103 doc

63 1143 199 1204 tontum
225 1135 308 1204 boni
325 1177 376 1190 -
396 1138 433 1205 in
460 1133 631 1231 rempubl.
659 1137 932 1206 commendam
956 1132 1169 1233 conseratis?

59 1232 212 1307 Ineunte
237 1261 322 1308 vero
347 1235 497 1333 periodo
523 1239 606 1336 quio
630 1262 696 1333 pro
724 1238 809 1335 quid
830 1232 923 1335 (our)
947 1261 1031 1328 non,
1058 1237 1167 1333 inter-

57 1338 259 1433 rogationis
284 1340 353 1408 vim
372 1341 508 1410 'retinet
533 1364 612 1409 oum
637 1338 840 1409 indicativo.
894 1339 984 1410 Ter.
1013 1337 1164 1408 Phorm.

55 1436 134 1530 Ill,
160 1437 209 1529 2,'
230 1437 298 1510 82.
331 1440 439 1533 Quin,
468 1442 562 1540 quod
586 1450 639 1511 ost
660 1438 860 1539 ferentrium,
887 1439 985 1538 ferei
1016 1438 1095 1512 Cio.
1122 1434 1169 1509 nd

54 1538 166 1612 Fam.
176 1540 265 1633 vll,
282 1540 438 1638 epist.'8.
474 1540 570 1634 Quin
588 1552 624 1612 to
640 1569 743 1640 torpeo
758 1545 859 1612 iotam
873 1540 1168 1612 occasionem—i

51 1667 99 1741 p.
118 1641 247 1715 Rabir.
267 1641 308 1732 6,
333 1641 399 1713 18.
430 1644 539 1713 levior
557 1654 607 1714 eet
629 1644 834 1714 acclamatio
841 1670 863 1737 3.
883 1645 966 1741 quin
988 1642 1169 1714 condietis

53 1768 199 1833 vocene,
228 1746 375 1814 indicem
396 1745 564 1844 otoltitioe
585 1757 721 1814 vestroe
736 1785 800 1814 -—.
853 1743 907 1813 lta
932 1745 991 1835 fit,
1019 1756 1058 1815 ut
1084 1745 1169 1843 quin

54 1845 108 1916 sit
133 1844 244 1935 idem,
272 1845 367 1943 qnod
394 1849 461 1916 imo
487 1843 531 1914 ad
555 1845 659 1915 Fam.
682 1846 769 1937 Vll,
798 1842 871 1916 50.
929 1848 979 1918 Te
1003 1873 1065 1916 noo
1085 1846 1166 1915 dor-

53 1959 133 2036 tor,
162 1972 225 2017 neo
250 1971 347 2045 roqo‚
385 1959 425 2018 ut
448 1949 586 2017 domum
611 1950 748 2036 rodeno,
776 1950 859 2046 quoin
885 1947 964 2019 ln'oo
990 1950 1062 2046 r'pso
1087 1972 1166 2017 ooo·

51 2049 140 2120 lore
165 2051 265 2144 oopio
287 2048 323 2119 h.
351 2076 383 2121 e.
413 2075 478 2120 neo
505 2074 609 2147 rogo,
638 2060 676 2120 nt
702 2048 843 2121 domum
869 2050 1015 2122 redeas:
1045 2046 1167 2146 quidni

51 2175 133 2221 non
154 2175 293 2247 rogem,
320 2161 359 2222 ut
381 2150 417 2222 d.
438 2149 541 2222 redi
568 2151 651 2223 hino
671 2154 763 2223 enim
785 2153 860 2248 ipse
880 2153 1021 2225 evolare
1046 2152 1163 2247 cupio.

53 2249 153 2324 Gom
175 2253 382 2347 imperativo
410 2254 440 2323 si
466 2256 549 2352 quin
575 2256 803 2351 consopitur,
831 2252 978 2327 duorum
1004 2265 1164 2325 constru-
1198 2251 1202 2256 ’

52 2355 214 2424 etionum
233 2356 393 2426 confusio
412 2354 699 2449 deprehenditur.
727 2354 808 2428 Cio.
827 2381 892 2450 pro
907 2355 990 2429 ΜὶΙ.
1007 2353 1077 2443 29,
1096 2351 1161 2423 18.

53 2455 149 2527 Non
170 2468 284 2551 potest
309 2460 380 2528 dici
401 2460 499 2547 satie,
523 2483 565 2527 ne
591 2461 737 2557 copitari
760 2459 911 2557 quidem,
940 2469 1108 2556 «peroratum
1129 2456 1166 2524 in
1274 2474 1277 2479 ·

53 2556 125 2627 itto
148 2557 301 2649 sceleris,
330 2570 497 2658 qoootum
518 2560 616 2630 exitii
633 2560 756 2659 fixerit.
802 2558 897 2649 Quin
915 2562 964 2630 oio
983 2558 1163 2643 attendite,

53 2659 211 2748 iudices,
239 2685 306 2756 pro
335 2660 430 2753 Quin
453 2657 569 2759 (Quid
592 2660 680 2762 non)
708 2661 885 2731 attenditis
892 2712 904 2752 ‚
933 2658 1085 2730 iudices?
1118 2659 1167 2728 oie

55 2762 250 2833 attendite!
294 2772 333 2835 ut
358 2779 487 2860 graece
513 2761 607 2837 οἶσθ’
638 2762 684 2852 ὡς
708 2765 878 2862 ποίησον,
922 2760 1063 2859 dequo
1090 2757 1164 2830 vid.

55 2862 288 2936 Hermannus
312 2862 356 2934 ad
381 2864 509 2961 Viget.
539 2888 576 2959 p.
606 2863 703 2936 899.
735 2862 792 2934 ed.
820 2861 861 2933 2.
919 2864 989 2934 llis
1015 2862 1165 2959 denique

57 2962 221 3036 addenda
248 2976 343 3059 sunt,
373 2991 462 3065 quoe
484 2962 529 3036 od
548 2994 650 3041 usum
673 2965 876 3045 vocularum
902 2992 946 3039 oe
971 2975 1007 3038 et
1032 2976 1167 3037 utnon

55 3069 250 3162 pertinent.
511 3150 516 3161 .
987 3090 992 3101 ·

162 3171 297 3242 Differt
321 3183 444 3266 nutem¹
463 3162 576 3277 ululo
602 3185 738 3247 utnon
762 3184 911 3265 tontum,
941 3170 1167 3270 quantumin

59 3271 290 3345 affirmatione
324 3287 364 3345 ut
395 3270 655 3348 consecutivum
689 3278 732 3350 de
768 3286 896 3350 eventu
929 3274 973 3346 ab
1006 3285 1046 3344 ut
1068 3268 1167 3343 finali
1304 3292 1307 3298 ’

59 3371 104 3443 de
130 3400 170 3445 re
196 3379 397 3472 proposita,
425 3377 469 3449 de
496 3378 664 3470 oonsilio,
692 3381 731 3451 h.
760 3406 794 3451 e.
825 3390 992 3476 quantum
1020 3374 1167 3444 effeetus

59 3475 97 3544 in
122 3478 390 3550 ratiocinatione
414 3482 536 3577 reique
564 3483 746 3579 cuiusque,
775 3483 874 3553 onius
900 3480 955 3548 vis
981 3473 1166 3571 cognosci·

10 3662 12 3669 Ι
59 3586 131 3670 tur,
159 3589 284 3651 natura
307 3583 443 3678 positus
469 3582 513 3654 ab
540 3609 583 3655 eo
611 3584 753 3673 effectu,
781 3607 887 3681 quern
912 3578 985 3648 dixi
1008 3574 1167 3645 volunta-

10 3680 12 3685 ’
58 3678 105 3748 tio
135 3676 279 3754 decreto
315 3685 493 3757 constitui.
559 3686 652 3756 Nam
687 3683 783 3782 quod
817 3708 861 3753 ne
892 3675 1168 3778 prohibitionem

10 3844 12 3849 .
59 3780 256 3878 signifieat,
289 3785 327 3855 id
352 3788 389 3855 in
414 3796 554 3882 promtu
580 3796 635 3859 ost
658 3787 738 3857 fieri
761 3784 959 3874 voluntate,
988 3806 1056 3878 qua
1082 3773 1167 3875 qnid

10 3910 14 3945 ·.
59 3893 233 3956 vetemus.
298 3886 401 3976 Quae
433 3899 547 3958 autem
582 3913 645 3984 per
676 3890 729 3959 rei
758 3897 918 3959 naturam
950 3882 1029 3954 fieri
1060 3905 1166 3978 posse

10 4050 34 4055 ..
59 3996 250 4084 negantur,
277 3991 463 4089 requirnnt
487 4000 527 4061 ut
554 4015 624 4060 noo
643 3987 720 4092 ²⁰).
754 3991 863 4066 Verr.
888 3989 941 4082 11,
966 3983 1039 4076 60,
1069 3981 1165 4054 118·
1283 4048 1290 4067 .

10 4110 12 4129 Ι

10 4138 15 4179 ᾗ
58 4138 345 4168 ἡ

10 4234 13 4301 ξ
60 4221 119 4302 2⁰)
151 4222 229 4283 caen.
249 4228 279 4285 b.
300 4248 325 4290 o.
341 4227 390 4304 111,
410 4230 460 4288 ³7.
474 4232 666 4305 factumest
689 4225 878 4313 (prohibitum
899 4224 976 4298 est),
998 4242 1033 4280 no
1052 4218 1168 4299 proelio

10 4312 13 4437 t
150 4312 384 4374 contunderetur.
407 4327 436 4376 et
457 4314 516 4376 Cic.
538 4337 565 4393 p.
582 4314 642 4374 Mil.
660 4318 707 4390 13,
723 4317 773 4374 34.
823 4312 880 4370 Vor
902 4309 1005 4388 adepti
1026 4306 1098 4364 ertio
1116 4301 1168 4386 (so.
1281 4338 1283 4343 ·
