2654 4854
6 374 9 381 .
127 300 182 380 10
375 254 678 415 commortuo
700 266 976 366 cummium
1043 342 1046 347 .
1099 314 1143 393 g

125 475 242 547 acrius
265 472 431 567 effertur,
463 481 524 546 aut
547 470 682 542 animus
699 472 819 569 magis
850 471 894 543 ad
926 498 1001 544 rem
1034 422 1270 551 attenditui·

35 636 47 669 ³.
124 587 164 649 ut
187 580 249 667 sic,
286 580 349 670 itu,
383 570 461 668 hoc,
490 577 564 666 irl,=
553 572 617 645 nl.
644 573 726 643 uin.
754 574 787 665 1,
815 573 856 645 9.
884 577 988 674 idque
1014 570 1267 677 (Epicurus)

113 678 272 753 ¹r⁰nstitrul
300 682 423 752 docere
445 680 514 748 rio·
553 674 666 747 Ornue
691 676 840 768 urrimol,
868 678 1075 776 simulatque
1101 688 1260 749 numm

122 782 188 873 sit,
231 782 443 878 voluptutem
473 790 680 874 oppetere,
701 803 810 877 enque
837 781 990 875 puudme
1024 792 1064 849 ut
1091 804 1227 851 seluemo

123 884 227 955 hono.
274 879 337 953 hd
361 883 453 952 Her.
481 880 552 971 ΙΙΙ,
582 875 646 948 Ι5.
708 879 786 951 Hoc
813 883 900 951 seire
925 891 1039 951 tumen
1071 891 1224 1001 oportet,
1261 924 1270 977 .·'

119 985 442 1081 pronunciationem
464 930 588 1051 hondm
605 982 651 1050 iel
670 1006 728 1075 per
730 982 856 1080 ficere,
895 993 935 1054 nt
958 1009 1012 1053 res
1039 1008 1082 1053 ex
1106 985 1226 1055 animo
1251 998 1254 1003 '

122 1089 183 1184 aqi
187 1087 377 1157 uiolentur.
433 1084 477 1153 ln
504 1107 665 1154 sermone
697 1082 860 1160 familiari
892 1083 1086 1175 interdum,
1130 1086 1225 1155 cius·

121 1186 218 1258 modi
247 1187 371 1258 vocula
404 1187 630 1280 interposita,
676 1184 800 1254 modus
825 1184 943 1255 finitus
969 1197 1053 1281 post
1075 1185 1227 1257 verbum

90 1334 93 1339 ·
121 1280 295 1360 sentiendi
312 1299 371 1358 aut
387 1286 587 1359 declarandi
605 1284 789 1357 adhibetur
802 1289 890 1359 Ter.
905 1285 1023 1357 Andr
1033 1287 1083 1380 V,
1095 1286 1136 1378 d,
1150 1286 1222 1360 26.

123 1390 257 1463 Vemm
280 1390 396 1461 hercle
422 1392 547 1484 opinor
572 1388 680 1485 facisse
704 1389 900 1460 I'lmuizurn
928 1390 993 1460 hoe
1018 1401 1112 1461 certo
1133 1392 1235 1483 seio,

119 1492 374 1563 erumnusiurn
393 1517 465 1562 sese
486 1493 601 1561 niehat
619 1516 702 1560 esse.
732 1531 781 1544 -
818 1492 912 1590 Tum
936 1494 1038 1561 etiam
1065 1489 1225 1561 animadss

118 1593 325 1670 vertendum
352 1602 424 1683 est,
453 1593 687 1662 accusativum
713 1584 950 1687 pronominis,
979 1618 1049 1689 quo
1073 1590 1224 1685 Graeci,

118 1697 150 1766 si
174 1697 353 1792 utriusque
381 1693 479 1765 verhi
505 1693 597 1765 idem
624 1692 818 1764 suhiectum
846 1705 917 1787 est,
943 1706 1090 1790 propter
1112 1696 1224 1790 parti·

119 1799 203 1893 cipii
236 1807 271 1868 et
304 1798 507 1868 nominativi
538 1822 639 1865 usum
671 1789 901 1891 supersedere
934 1796 1068 1889 solent,
1111 1796 1225 1869 latine

119 1910 199 1971 ante
224 1897 431 1968 infinitivum
457 1900 504 1967 ita
530 1896 669 1967 demum
696 1900 809 1968 omitti
833 1924 959 1994 posse,
994 1901 1024 1969 si
1049 1848 1224 1976 decusati-

118 2026 183 2071 vus
201 2002 418 2096 pronominis
439 2000 475 2068 in
494 2000 660 2093 primario
681 1999 788 2070 verbo
809 2000 958 2070 subiecti
978 1999 1098 2071 locum
1115 2002 1223 2073 susti-

117 2113 192 2194 net,
220 2101 495 2198 necquidquam
515 2099 558 2170 dc
578 2102 826 2195 perspicuitate
846 2100 1053 2194 detrahitur,
1081 2114 1119 2173 ut
1134 2101 1219 2175 Cic.

118 2201 223 2277 Orat.
243 2204 276 2295 Ι,
297 2202 366 2295 22,
388 2201 481 2273 ΙΟΙ.
511 2204 593 2293 ditm
614 2205 700 2272 nu'hi
720 2203 823 2274 liccat
841 2230 980 2300 nequeo,
1006 2230 1107 2301 posse
1124 2206 1225 2304 quod

116 2331 188 2377 nou
204 2317 345 2403 potero,
374 2317 410 2377 et
431 2303 542 2403 soteri
563 2307 693 2375 nescire
714 2308 809 2403 quod
828 2309 989 2396 nescium,
1019 2307 1116 2378 lieet:
1145 2332 1222 2379 ιιοιι

115 2409 200 2479 item
224 2410 261 2479 in
285 2408 359 2480 his:
390 2406 496 2479 Ollio.
520 2407 590 2497 ΙΙΙ,
613 2404 675 2495 ll,
697 2405 766 2478 lt).
805 2407 1156 2480 Tlrenustoclesuliril
1181 2410 1221 2481 in

115 2513 292 2602 concione,
319 2537 356 2581 se
379 2511 506 2582 liuttere
523 2508 704 2580 consilium
727 2510 937 2607 reipublicae
957 2509 1127 2603 solutore,
1154 2512 1223 2591 sed

115 2614 155 2685 ut
176 2615 260 2684 seiri
282 2639 367 2707 opus
392 2639 462 2683 nou
489 2639 573 2684 esse.

215 2715 298 2804 Quo
323 2715 405 2785 loco
432 2714 679 2813 distinguenda
701 2741 741 2786 ca
758 2715 867 2789 verba
888 2727 982 2809 sunt,
1011 2740 1101 2813 quae
1121 2738 1218 2787 nunc

113 2813 226 2886 solum
259 2816 486 2908 infinitivum,
537 2842 630 2888 nunc
663 2821 897 2890 accusativum
932 2845 1011 2891 cum
1042 2816 1217 2889 infinitivo

47 2978 50 2983 ,
113 2915 333 3008 adsciscunt,
376 2928 411 2989 ct
437 2944 497 3008 ea,
538 2944 627 3015 quae
663 2938 740 2990 cum
773 2920 947 3017 duplicem
979 2921 1218 2991 accusativum

111 3029 253 3116 regant,
281 3018 386 3090 modo
407 3018 554 3090 alterum
579 3017 661 3119 (rei)
688 3027 922 3094 accusativum
948 3025 985 3092 in
1007 3018 1218 3093 infinitivum

111 3119 210 3192 abire
233 3123 425 3216 patiuntur,
449 3120 554 3192 modo
574 3124 810 3195 accusativum
831 3151 909 3196 cum
930 3123 1116 3214 infinitivo,
1143 3148 1216 3220 quo

110 3228 261 3319 utroque
299 3223 473 3294 obiectiva
515 3225 711 3296 enunciatio
747 3220 974 3323 expriniitur,
1024 3226 1213 3322 recipiunt.

109 3322 203 3395 Nam
229 3326 447 3397 accusativus
472 3350 665 3420 personae,
712 3354 776 3424 per
803 3328 926 3401 seille
953 3327 1095 3425 quidem
1125 3353 1214 3424 peu·

39 3490 42 3496 .
84 3423 198 3498 deus
217 3453 237 3500 e
259 3428 378 3499 verbis
397 3430 534 3519 docere,
562 3440 694 3520 uetere,
719 3433 917 3527 prohibere,
943 3430 990 3500 al.
1010 3428 1215 3502 discernen-

111 3527 176 3600 dus
203 3541 256 3602 est
282 3530 326 3600 ah
353 3555 395 3601 eo
423 3532 640 3619 accusativo,
687 3535 747 3628 qui
781 3559 860 3605 eum
893 3528 1065 3603 infinitivo
1091 3534 1222 3615 arctis-¹

109 3632 196 3703 sime
232 3634 439 3703 coniunctus
473 3659 547 3705 rem
583 3632 736 3725 indicat,
787 3659 891 3731 quam
923 3637 1002 3731 quis
1037 3632 1215 3755 docendo,

107 3733 261 3805 vetando
288 3734 457 3806 declarat.
511 3735 636 3830 ltaque
663 3738 898 3808 accusativum
924 3735 1065 3833 quidem
1097 3747 1133 3809 et
1162 3737 1215 3807 iu·

107 3833 299 3927 finitivum,
348 3862 498 3932 quorum
531 3847 677 3933 uterque
712 3864 777 3935 per
811 3864 849 3908 se
870 3849 1048 3950 tanquam
1084 3837 1217 3935 duplex

107 3939 328 4009 accusativus
362 3963 383 4007 a
416 3937 525 4008 verbo
560 3941 718 4036 regitur,
761 3965 834 4011 ιιοιι
868 3936 1103 4014 accusativum
1138 3950 1222 4015 eum

104 4038 281 4113 infinitivo
305 4048 365 4109 aut
390 4040 564 4109 strictiore
595 4066 701 4114 sensu
728 4042 857 4115 dictum
878 4044 1114 4114 accusativum
1135 4068 1217 4115 cum

25 4150 34 4155 ”
101 4138 281 4213 'infinitivo
309 4138 588 4236 deprehendes
577 4168 615 4212 ιιι
640 4142 718 4215 his:
756 4146 869 4217 Tusc.
896 4144 945 4236 V,
973 4141 1045 4236 20,
1071 4142 1141 4217 58.
1170 4142 1217 4217 de

109 4244 306 4342 Dionysio:
351 4242 446 4336 Quin
470 4244 574 4314 etiam
596 4271 641 4317 ne
667 4249 799 4319 tonsori
817 4244 946 4319 collum
973 4250 1212 4339 committeret,
