2836 4852
439 235 472 247 .=
555 212 611 263 s*
881 207 882 210 ,
1185 224 1199 257 1

141 382 145 397 .
229 312 493 417 servoruum
513 342 659 407 susem
680 332 735 406 tn
757 317 840 407 vnn
859 343 972 407 neon
994 344 1085 408 soro
1106 346 1172 409 su.
1201 346 1258 422 45

180 608 183 613 Ι
255 513 427 586 Fuerunt
440 515 567 606 etiam,
612 500 674 612 qui
704 525 838 587 temere
871 505 1065 587 stituercnt
1085 514 1169 616 19),
1210 544 1258 589 arr
1353 536 1358 550 ·

130 626 137 683 l
179 626 242 714 post
267 618 378 687 neseio
409 616 467 687 vel
496 616 595 688 leand
621 620 691 688 scio
721 616 791 688 dici
816 642 883 712 pro
910 642 956 687 are
983 643 1077 709 reon,
1121 617 1258 692 scilicet

134 730 138 737 '
182 716 331 790 vernaculi
348 719 532 804 sermonis¹
563 745 649 810 usu,
692 744 797 816 quem
822 716 1040 816 distinguere
1067 718 1258 813 debebant,

185 818 390 915 etparticulis
416 823 487 913 ob,
517 814 564 891 o'ls
586 821 730 912 reielrt,
759 816 810 891 ‹tt›
833 821 952 892 m'clst
975 819 1127 917 decepti.
1167 822 1260 894 Nam

184 922 378 1022 germanice,
421 923 451 992 si
477 922 562 1019 quid
587 948 653 993 nos
679 948 762 994 vere
788 924 926 994 nescire
953 923 1057 994 fateri
1082 922 1258 1014 volumus,

185 1024 365 1095 carnariam
392 1027 593 1120 opinionem
620 1050 685 1120 per
709 1024 917 1121 particulam
939 1028 987 1108 olr
1012 1027 1049 1096 in
1072 1023 1259 1100 dubitatio·

185 1149 244 1195 nem
265 1151 448 1198 vocamus:
495 1128 550 1198 sin
576 1126 808 1199 verecundius
833 1127 1006 1198 affirmare
1032 1126 1143 1221 velis,
1186 1131 1260 1201 sire
1300 1200 1303 1205 .

184 1222 227 1318 id,
258 1227 347 1324 quod
374 1239 409 1299 te
435 1231 581 1316 nescire·
600 1227 707 1321 dicis,
749 1239 850 1326 optas
876 1231 950 1300 sive
977 1228 1124 1320 metuis,
1168 1220 1260 1304 Ger·
1287 1259 1289 1263 ·

185 1332 290 1401 menica
314 1330 485 1427 particula
513 1329 675 1404 enclitica'
710 1332 817 1404 nicht
832 1331 987 1427 suppetit
1011 1333 1048 1401 in
1073 1327 1122 1403 db
1149 1334 1258 1424 reiciet,
1352 1320 1361 1350 '¹

184 1453 252 1523 quae
266 1443 392 1503 mutata
409 1432 630 1528 voculatione
648 1460 668 1504 a
685 1435 850 1533 negativo
873 1434 997 1511 reiciet
1018 1434 1055 1503 in
1076 1436 1119 1505 ob
1140 1435 1263 1508 nieht

185 1528 394 1632 distinguitur.
441 1534 584 1631 Duplex
606 1537 715 1634 igitur
735 1537 825 1607 ratio
847 1546 902 1607 est
922 1536 960 1605 io
975 1545 1159 1632 utramque
1180 1563 1261 1633 par·

184 1641 237 1705 tem
256 1639 562 1736 interrogantium,
601 1664 680 1709 cum
706 1662 752 1708 an
778 1635 863 1734 quid
889 1636 1020 1707 factum
1046 1638 1092 1708 sit
1116 1636 1175 1709 vel
1199 1638 1262 1710 fiat
1313 1658 1315 1665 '

184 1734 366 1812 edentum
387 1741 434 1812 sit
455 1750 514 1811 aut
536 1766 618 1813 vere
640 1741 812 1830 nesciant,
840 1749 900 1808 aut
922 1737 1042 1809 dicant
1062 1764 1101 1810 se
1123 1743 1264 1814 nescire.

185 1858 242 1910 tum
262 1867 321 1937 spe
343 1840 401 1914 vel
422 1867 500 1913 eum
520 1853 630 1933 metu,
659 1843 733 1914 sive
751 1868 830 1913 cum
848 1839 1026 1937 voluptate
1043 1840 1102 1912 vel
1119 1841 1258 1916 dolore.

184 1932 255 2023 Vere
274 1969 316 2016 sc
342 1946 481 2017 nescire
507 1943 628 2016 dicunt
652 1943 722 2016 lroc
746 1943 874 2015 modo:
902 1941 969 2014 Iole
985 1940 1123 2035 'weiss
1148 1945 1258 2036 nicht,
1299 1993 1307 2033 ·,

158 2040 166 2063 ²
183 2042 220 2112 ol
246 2049 304 2119 der·
334 2047 485 2118 Freurrd
514 2044 534 2146 (
535 2050 621 2119 oder
649 2046 785 2146 Feind)
820 2047 977 2117 lt'ommers
1006 2047 1121 2137 wird,
1163 2046 1260 2145 quod

179 2139 292 2229 Plinius
319 2149 468 2222 dixerit:
508 2145 642 2242 nescio,
676 2175 723 2220 art
744 2159 911 2221 venturus
934 2148 1001 2236 sit,¹
1031 2172 1123 2246 Aquae
1150 2149 1260 2221 verba
1318 2153 1320 2161 ’

179 2249 250 2342 apud
272 2251 485 2325 Ciceronem
509 2260 591 2325 suut
616 2249 810 2325 modestius
836 2249 1032 2346 sperantis:
1072 2249 1113 2320 V
1108 2251 1263 2324 ielleiolet
1315 2322 1320 2335 ,

177 2345 282 2427 lemme
315 2381 366 2427 er.
434 2355 528 2426 Nam
563 2351 751 2426 diffidentis
790 2361 844 2424 est
877 2348 1016 2423 dicere:
1063 2350 1131 2422 Iole
1161 2356 1262 2425 weris

176 2453 294 2549 siclt,
328 2461 371 2529 olr
397 2459 461 2530 der
482 2457 632 2530 Freund
656 2457 814 2527 ltommen
836 2455 929 2525 wind
944 2449 1038 2554 ²⁰).
1072 2453 1131 2525 De
1157 2452 1260 2528 lsoste

172 2590 436 2618 ᾖ

240 2681 275 2738 cd
296 2693 423 2738 nostram
444 2680 596 2739 formulam
618 2677 860 2754 interpretandam
883 2676 977 2751 aptior
998 2686 1058 2746 est,
1085 2691 1171 2752 quam
1185 2675 1263 2749 sor·
1361 2680 1365 2687 '

242 2773 330 2824 torae.
375 2768 472 2825 Altera
494 2784 613 2840 persona
634 2765 790 2844 gernrauici
803 2763 899 2843 verbi:
920 2758 1261 2831 Deweisetnictt,ve1
1366 2808 1368 2813 .

240 2849 351 2911 konnst
372 2850 454 2925 nicht
475 2855 592 2923 missen,
613 2850 647 2907 ob
670 2848 752 2908 nicht
766 2884 809 2894 -—
824 2866 890 2925 pro:
914 2846 997 2905 facile
1017 2847 1080 2903 fieri
1102 2855 1196 2921 potest
1217 2856 1260 2918 ut,

240 2934 362 3014 (leiedt
383 2936 524 3015 mdgliele,
552 2935 641 3016 dass)
664 2936 830 3010 praesertim
851 2935 877 2990 si
899 2932 1013 3009 quando
1035 2933 1157 2993 alterum
1179 2931 1261 2988 dnbi-

241 3032 302 3081 tnre
322 3026 461 3093 videmus,
483 3025 617 3081 usitatior
639 3033 683 3079 eat
705 3039 790 3096 quam
812 3021 913 3094 prima,
934 3018 1147 3094 qnnm‘letinus
1169 3035 1262 3075 sermo

240 3109 372 3181 praefert.
416 3106 474 3165 Sed
496 3120 592 3166 tamen
614 3108 773 3181 exemplum
795 3117 890 3163 exstat
913 3103 989 3180 apud
1002 3100 1210 3163 Horatcterm.
1224 3100 1261 3174 ll,

240 3196 270 3266 4,
297 3196 342 3252 13.
379 3192 515 3266 Nescius,
538 3213 579 3251 cst
601 3203 630 3251 te
650 3211 792 3270 generator
815 3191 897 3250 beati
917 3186 1067 3267 Phyllidis
1081 3191 1189 3267 flavae
1211 3186 1262 3245 de·

239 3290 341 3339 rorent
360 3281 508 3359 parentis.
553 3277 609 3358 [De
631 3279 728 3336 eadem
750 3297 781 3335 re
803 3297 867 3335 cum
889 3278 922 3334 in
943 3275 1074 3333 Excusso
1097 3273 1132 3331 ll.
1154 3273 1190 3331 ad
1212 3271 1262 3330 Ci-

239 3368 351 3424 ceronis
362 3366 489 3424 Laelium
507 3385 534 3441 p.
546 3363 618 3424 262.
631 3366 824 3439 scripsissem:
846 3361 1060 3445 „Quamobrem
1072 3377 1129 3416 non
1143 3360 1262 3416 alteram

143 3472 146 3477 ·
238 3469 389 3526 personum
402 3450 485 3509 duod
497 3453 556 3509 sois
570 3469 610 3507 cn
623 3451 668 3506 vel
690 3446 773 3505 deod
792 3449 885 3517 scias,
906 3464 1026 3520 usquam
1042 3443 1174 3518 reperies,
1197 3461 1262 3499 curn

238 3555 298 3595 non
318 3554 414 3595 rarum
437 3539 475 3593 sit
489 3539 617 3606 nescias,
640 3553 681 3591 ore
696 3534 741 3591 rel
754 3534 805 3610 qui
820 3533 879 3591 scis
894 3549 935 3587 arr
950 3562 989 3597 -,
1004 3539 1037 3585 ut
1050 3526 1152 3584 Horat.
1167 3525 1262 3585 Germ.

238 3619 275 3694 ll,
288 3625 319 3696 d,
339 3623 385 3684 13.
405 3620 549 3695 'Nescios‚
573 3639 613 3678 an
630 3629 659 3677 te
675 3637 816 3695 generum
829 3619 905 3674 etc.“
948 3612 1115 3670 chdius
1136 3612 1167 3667 in
1184 3608 1262 3667 Tur·
1336 3628 1342 3640 ’

237 3710 340 3767 sellino
363 3708 426 3771 Vol.
446 3708 468 3768 l.
491 3727 518 3784 p.
538 3709 609 3769 320.
631 3724 723 3773 orcam
743 3702 914 3759 sententiam
936 3697 1091 3772 pervertit,
1127 3697 1169 3752 ric
1190 3698 1263 3753 rcri-

237 3792 323 3852 bens:
346 3813 420 3866 „uec
442 3791 680 3853 Gerrhardus
702 3788 801 3846 mirari
818 3785 936 3842 debebat
949 3782 1029 3841 'Exn
1052 3801 1080 3857 p.
1094 3780 1166 3839 252.
1185 3783 1263 3859 quod

239 3897 378 3954 nusquam
400 3882 552 3957 reperisset
575 3877 692 3936 nesciae
712 3875 758 3932 rel
782 3868 940 3949 neseiat.“]

155 3964 209 4042 19)
237 3963 346 4022 Eorum
369 3969 485 4022 nomina
506 3965 624 4042 collegit
646 3959 815 4027 Handius
838 3954 922 4013 Ture.
940 3953 960 4011 Ι.
983 3973 1009 4028 p.
1024 3955 1094 4010 310.
1117 3954 1145 4029 ξ.
1165 3954 1211 4011 ll.

151 4049 210 4127 20)
243 4048 395 4107 Beierus
417 4054 448 4106 in
471 4050 542 4109 Erro.
565 4049 599 4106 ll.
622 4047 658 4104 ed
681 4046 754 4102 Lael.
779 4063 804 4118 p.
823 4044 895 4100 218.
925 4058 1047 4108 menon
1069 4038 1261 4095 frustrarun-

237 4146 342 4192 nuerat
363 4135 397 4191 dc
419 4138 507 4193 nimia
528 4135 614 4192 huius
631 4134 688 4191 loci
704 4131 874 4198 subtilitate,
896 4145 980 4203 quam
996 4127 1026 4182 in
1043 4123 1097 4181 hac
1110 4121 1260 4180 Commen-

238 4221 359 4279 tationis
372 4221 496 4278 editione
506 4218 655 4278 vitandam
670 4217 779 4295 putavi.
816 4214 893 4273 ldem
904 4210 957 4269 Vir
969 4210 1070 4267 doctus
1083 4207 1182 4265 codem
1198 4209 1260 4265 loco

240 4323 375 4383 graecum
398 4302 448 4366 οὐκ
469 4301 521 4367 old'
547 4303 581 4362 dv
601 4301 625 4365 si
646 4322 710 4361 cum
732 4301 904 4361 nostratium
926 4313 1055 4355 sermone
1075 4293 1261 4369 compererit.
