2654 4854
126 358 154 435 e
375 355 678 422 commortuo
701 354 1005 449 communes,

123 532 215 605 tirus
237 538 303 621 est,
331 530 383 601 sic
404 526 611 620 accidentia,
640 526 852 599 substantiae
875 526 1051 624 opposita,
1079 550 1111 597 ει
1099 524 1229 599 'nuda

125 643 161 707 et
185 659 251 733 per
275 656 312 703 se
340 635 560 730 cogitantur,
593 655 666 700 non
690 629 822 702 habent
847 628 973 722 alium,
1000 637 1141 725 praeter
1167 654 1224 701 ac·
1238 674 1245 683 ι

126 737 331 825 cusativum,
357 760 475 805 casum
489 729 545 831 7).
590 732 714 828 Itaque
737 757 850 830 reqem
871 758 955 822 esse,
979 730 1229 803 Alexandrum

124 863 196 909 esse
227 835 359 905 hanc
349 861 461 931 ipsam
488 831 723 906 conditionem
751 859 829 904 cum
856 832 981 930 copula
1006 858 1078 903 non
1112 835 1229 905 minus

125 923 325 1036 significant
349 963 453 1034 quam
478 936 650 1009 adiectiva
682 935 811 1035 sortem
840 962 930 1027 esse,
973 935 1112 1033 felicem
1137 960 1226 1027 csse,

125 1038 374 1134 εὐδαίμονα
342 1068 441 1113 errae.

64 1226 67 1231 Α
227 1139 409 1229 Quodsi
400 1168 436 1210 ιιι
467 1140 534 1211 hac
559 1138 652 1211 nuda
678 1138 889 1211 conditionis
915 1082 1062 1209 alicuius
1091 1137 1229 1237 signifi·

103 1229 265 1314 'catione
291 1244 460 1314 incertum
487 1241 681 1313 subiectum
699 1268 771 1337 per
796 1245 910 1338 ipsum
936 1240 1098 1312 adiectivi
1124 1267 1231 1313 accu-

126 1345 274 1419 sativum
309 1342 567 1442 quodammodo
601 1343 794 1435 indicatur,
840 1354 878 1413 ut
904 1341 984 1414 Cic.
1014 1344 1126 1415 Tusc.
1155 1342 1230 1437 IV,

127 1442 194 1537 12,
219 1440 286 1515 27.
336 1444 453 1518 Aliud
473 1459 524 1517 est
542 1448 746 1517 rracaodam
765 1472 849 1535 esse,
873 1445 974 1515 aliud
994 1447 1136 1537 iratam,
1165 1470 1233 1517 cur

126 1572 199 1618 non
226 1559 323 1619 certo
350 1574 391 1619 ac
418 1547 561 1619 delinito
588 1547 746 1619 subiecto
781 1546 930 1631 eundem
965 1572 1082 1618 casum
1114 1549 1244 1643 magis

126 1650 314 1722 convenire
340 1660 521 1746 putemne,
563 1676 667 1747 quam
692 1649 848 1746 reliquos
875 1649 998 1719 casus?
1041 1648 1151 1723 Verr.
1171 1648 1250 1741 V‚.

127 1748 196 1842 66,
221 1748 316 1823 170.
368 1752 522 1823 Facinus
542 1763 611 1842 est,
640 1753 767 1822 vinciri
783 1754 890 1823 civem
909 1750 1128 1842 Romarram3
1141 1766 1231 1824 'rce-

128 1851 184 1922 Ias
209 1856 389 1924 verberari
393 1883 406 1947 3
441 1854 564 1949 ltaque
598 1852 767 1950 loquendi
800 1878 883 1923 usus
918 1879 989 1922 non
1023 1851 1230 1945 libidinose,

13 1961 38 2015 .'
129 1952 192 2024 sed
218 1953 263 2024 ad
288 1966 446 2025 naturam
472 1954 652 2025 relationis
680 1956 1007 2026 convenientissime
1033 1956 1134 2026 iussit
1160 1953 1234 2039 dici¹

129 2066 162 2126 le
178 2055 314 2126 salvam
332 2083 423 2148 esse,
452 2055 699 2127 Alexandrum
719 2082 833 2153 repem
850 2056 977 2153 frasso,
1000 2083 1030 2127 r.
1053 2082 1230 2154 reparasse.

117 2154 206 2241 ,Nec
230 2182 315 2228 vero
341 2157 399 2229 hic
426 2156 573 2229 subiecti
599 2160 831 2250 accusativus,
859 2157 939 2227 dum
966 2168 1039 2228 tota
1065 2160 1233 2247 enuncia·

127 2259 177 2328 tio
203 2258 291 2329 nihil
321 2258 447 2349 habet,
490 2285 561 2356 quo
594 2258 792 2349 referatur,
826 2285 847 2329 a
879 2259 1003 2354 copula
1036 2286 1152 2381 neque
1184 2240 1234 2335 ab

127 2359 298 2431 inlinitivo
323 2361 539 2458 postulatur,
582 2360 645 2432 scd
670 2361 746 2432 sola
771 2363 895 2432 incerti
922 2360 1089 2455 subiecti,
1133 2360 1235 2460 quod

127 2462 166 2532 in
190 2461 393 2558 praedicato
419 2463 554 2535 salvam
580 2484 651 2535 esse
681 2473 740 2532 aut
768 2490 927 2561 repreasse
954 2463 1059 2554 latet,
1097 2489 1232 2563 cogua-

127 2565 223 2636 tione
244 2564 302 2637 vel
326 2564 585 2636 similitudine
575 2591 611 2634 ιιι
637 2564 782 2636 eandem
807 2567 955 2636 formam
978 2564 1232 2664 redigitur,
1199 2592 1233 2637 ιιι

128 2666 270 2764 quidem
294 2666 466 2763 placuerit
489 2692 613 2763 perse
637 2669 828 2739 constantis
855 2678 890 2739 et
914 2668 1094 2762 perfectae
1121 2694 1232 2740 enun-
1264 2730 1268 2735 .

129 2769 311 2861 ciationis,
347 2769 555 2842 Alexander
583 2795 646 2843 res
671 2768 749 2866 fuit
774 2796 804 2840 s.
836 2772 1011 2868 reperavit,
1051 2782 1089 2843 ta
1111 2770 1234 2843 salmis

129 2896 186 2960 es,
222 2871 374 2966 sormam
406 2896 610 2965 suspensam
643 2870 793 2942 reddere
827 2870 864 2943 h.
903 2898 937 2942 e.
970 2897 1046 2942 eam
1079 2870 1234 2943 l'ormar'n

127 2970 278 3069 lingere,
307 2998 396 3069 quae
421 2971 523 3042 huius
547 2974 799 3043 enunciationis
825 2972 1030 3044 relationem
1057 2973 1102 3044 ad
1127 2974 1234 3047 aliam

130 3075 409 3146 enunciationem
435 3073 577 3145 indicet.
631 3073 685 3144 lta
705 3073 759 3165 lit,
787 3084 826 3144 ut
846 3074 1026 3147 Socratem
1041 3079 1234 3172 sapientem
1261 3134 1264 3149 .

127 3174 237 3272 suase
262 3201 334 3248 non
358 3177 471 3273 possit
494 3176 645 3271 pariter,
673 3186 777 3272 atque
800 3175 963 3248 Socrates
986 3180 1124 3273 sapiens
1142 3178 1256 3277 ferit„

129 3277 243 3372 ipsum
270 3304 334 3375 per
360 3302 419 3370 se,
454 3276 586 3349 sedeo
613 3276 752 3349 demum
777 3290 881 3373 paeto
908 3277 1079 3376 intelligi,
1113 3281 1144 3350 si
1164 3304 1233 3359 cx·

128 3377 304 3474 ploratum
330 3390 403 3473 est,
431 3387 547 3451 utrum
573 3379 767 3453 subiectum
786 3379 821 3480 8)
849 3382 913 3473 sit,
941 3379 1062 3452 addito
1088 3380 1234 3524 quiden

152 3615 186 3695 7)
214 3614 256 3673 Cf.
280 3616 575 3678 Weissenbornii
597 3615 718 3698 Syatar
739 3618 794 3678 der
815 3561 869 3677 lat.
892 3616 1035 3700 Spracle.
1066 3620 1182 3695 §.122
1203 3632 1234 3679 ct

218 3704 285 3758 147.
306 3724 348 3761 ιι.

152 3783 186 3864 8)
214 3723 531 3848 Weissqenboraim
558 3794 577 3848 l.
600 3811 624 3848 c.
647 3795 675 3867 ξ.
693 3793 759 3847 147.
775 3800 849 3849 extr.
863 3794 938 3867 ετξ.
956 3792 1024 3848 148.
1054 3762 1192 3848 Anmcrk.
1203 3792 1236 3849 2

215 3876 408 3933 accusativum
431 3894 455 3930 c.
473 3875 525 3932 inl.
545 3887 631 3954 negat
652 3895 703 3949 pro
725 3876 853 3932 subiecto
874 3894 998 3951 unquam
1020 3874 1118 3933 haberi
1140 3894 1236 3949 posse,

214 3958 328 4014 etiamsi
349 3960 447 4037 opinio
465 3969 520 4031 ert,
542 3962 617 4035 quod
640 3961 677 4018 sit
699 3961 872 4038 opinantur,
892 3964 940 4019 vel
961 3968 1079 4018 coartat
1100 3982 1128 4021 v.
1142 3960 1236 4018 intel·

215 4040 324 4118 ligitur·
351 4044 498 4122 cogitandi
525 4046 666 4102 actionem
694 4045 809 4103 indicet.
860 4045 966 4118 „Dcnn
988 4045 1060 4107 auch
1081 4047 1110 4101 in
1135 4045 1236 4103 diesen

214 4125 356 4185 crachcint
380 4128 429 4183 der
450 4128 534 4185 Geist
554 4129 726 4210 besehfiftigt
747 4133 800 4189 mit
821 4133 911 4187 cirtem
935 4130 1039 4204 Objcct
1061 4131 1119 4187 und
1141 4132 1237 4187 seiner

213 4208 456 4284 Bcschsffenheit3
487 4214 573 4281 aeide
594 4213 741 4272 verhalten
763 4215 823 4271 sich
843 4215 955 4271 lcidcnd
977 4234 1012 4270 zu
1036 4215 1086 4271 der
1107 4213 1237 4293 Theog-

214 4293 293 4369 keit3
328 4296 419 4355 diem
446 4297 515 4377 geht
543 4297 616 4355 auch
643 4300 746 4358 danaus
766 4299 886 4370 horror,
921 4299 985 4357 dan
1008 4299 1058 4356 der
1078 4300 1235 4359 Accusatir
