2654 4854
323 345 379 409 ut}
398 342 654 411 ncwsattvu
675 342 767 409 (tUM
786 340 1016 409 mtntttvo.
1193 336 1222 415 Β

121 543 192 617 qua
216 515 335 589 verhis
363 528 460 591 reete
486 517 717 616 significanda
739 517 829 589 haec
852 515 922 587 duo
947 512 1098 588 videnda
1122 525 1217 607 sunt,

119 622 294 717 primum,
328 646 398 717 qna
421 623 557 693 ratione
584 646 742 717 quaeque
769 620 865 690 notio
888 644 1029 716 quoque
1053 617 1133 690 loeo
1159 642 1219 689 co·

120 723 227 821 gitari
244 721 389 794 debeat:
418 723 566 794 alterurn
584 722 653 795 hoc
675 732 743 814 cst,
770 732 822 813 ut,
849 746 927 793 cum
946 720 1096 816 plurima
1112 717 1221 791 verba

120 823 226 897 aliam
252 849 296 894 ex
329 824 399 896 alio
426 824 607 897 relationis
640 850 771 924 genere
796 832 832 895 et
857 825 1155 895 constructionem
1185 829 1222 895 et

120 926 415 1024 significationem
441 926 670 1020 contrahant,
712 953 758 999 ne
782 925 964 1018 licentiae,
1003 923 1065 996 sed
1090 921 1222 995 fluibus

121 1027 332 1126 quibusdam
364 1030 648 1125 circumscriptae
684 1028 928 1101 concinnitatis
959 1026 1074 1098 studio
1105 1025 1222 1124 legiti-

119 1152 215 1203 mam
241 1129 381 1207 dicendi
404 1132 622 1221 varietatem,
650 1142 685 1204 et
705 1128 955 1202 vocabulorum
977 1128 1035 1201 vel
1057 1128 1222 1200 enuncia·

120 1233 270 1323 tionum,
295 1232 437 1304 alterius
456 1233 500 1303 ad
519 1234 678 1324 alteram,
702 1259 781 1305 sese
801 1230 1000 1328 applicandi
1017 1229 1221 1302 facilitatem

121 1330 247 1405 (leheri
270 1346 446 1429 putemus.
507 1337 575 1406 Est
605 1347 721 1407 autern
752 1337 790 1405 in
820 1331 1061 1406 ratiocinando
1092 1331 1222 1428 triplex

120 1435 302 1508 relationis
331 1462 462 1535 genus,
500 1437 814 1536 distinguendaque
845 1439 935 1508 ratio
966 1435 1220 1524 inhaerentiae,

120 1563 191 1634 qua
218 1538 301 1635 quid
327 1552 382 1610 est
407 1550 466 1611 aut
491 1539 702 1631 sphstautia,
737 1564 826 1636 quae
851 1538 944 1608 nuda
968 1562 1034 1633 per
1060 1562 1099 1609 se
1124 1536 1222 1632 cogi·

120 1651 213 1730 tata,
247 1643 431 1736 omnisque
456 1641 637 1712 relationis
663 1667 789 1737 expers
815 1665 899 1710 casu
922 1640 1136 1709 nominativo
1164 1663 1223 1708 ex·

119 1744 303 1837 primitur,
331 1753 370 1811 ut
393 1742 500 1832 liher,
529 1744 679 1831 iuuenis,
708 1752 767 1813 aut
791 1750 956 1837 tanquam
979 1738 1142 1811 accidens
1164 1738 1224 1809 alii

119 1846 174 1915 rei
200 1842 387 1913 inhaerere
414 1845 603 1941 cogitatur,
631 1846 687 1915 eui
712 1843 948 1914 inhaerentiae
974 1844 1096 1939 generi
1119 1867 1222 1912 aceu-

119 1947 256 2017 sativus
277 1946 437 2035 inservit,
460 1958 498 2015 ut
518 1948 623 2017 clocca
640 1948 809 2034 iuuenem,
828 1945 904 2043 loqu
923 1945 1061 2016 librum.
1095 1940 1223 2015 Altera

118 2048 212 2119 ratio
239 2057 293 2117 est
318 2048 597 2138 consecutionis,
633 2073 701 2144 qua
728 2047 811 2145 quid
839 2059 899 2116 aut
923 2073 1027 2118 causa
1054 2057 1128 2136 est,
1164 2053 1223 2115 aut

119 2149 292 2240 effeetus,
335 2151 440 2219 tertia
468 2152 744 2240 communionis,
787 2176 856 2247 qua
887 2149 976 2221 duae
1009 2176 1067 2221 res
1101 2157 1223 2219 mutuo

120 2250 328 2323 efficientiae
358 2277 451 2322 nexu
482 2254 688 2324 coniunctae
718 2262 812 2322 suut.
870 2248 932 2321 nd
959 2250 1107 2322 alterurn
1132 2248 1223 2321 rela-

120 2353 226 2424 tionis
254 2379 366 2451 genus
390 2355 556 2451 quoniam
584 2353 701 2450 aliquo
728 2355 831 2451 signo
858 2378 946 2449 opus
972 2364 1045 2441 est,
1076 2355 1112 2422 in
1139 2375 1222 2422 eon·

120 2457 302 2527 secutione
317 2485 325 2504 ·
340 2455 494 2526 notanda
534 2481 575 2526 ca
614 2456 869 2527 coniunctionis
906 2453 1077 2549 particula
1115 2451 1223 2524 latine

121 2555 321 2646 adhibetur,
350 2583 439 2653 quae
466 2583 606 2629 causam
629 2557 794 2647 denotat,
823 2560 937 2655 prend,
967 2556 1129 2627 effectum
1152 2554 1223 2650 sig-

121 2657 241 2730 uificat
266 2670 318 2729 ot.
380 2658 640 2731 lnhaereutiam
667 2684 751 2730 vero
783 2656 1065 2729 enunciationum
1095 2655 1224 2727 latinae

121 2758 263 2858 linguae
299 2786 382 2831 usus
416 2785 489 2831 non
522 2760 668 2831 alicuius
707 2759 899 2856 particulae
933 2784 1000 2856 ope
1031 2756 1225 2857 significari

121 2861 256 2952 voluit,
300 2888 379 2934 cum
405 2860 618 2934 Germanice
644 2862 889 2935 coniunctione
915 2864 995 2933 class
1018 2861 1223 2958 plerumque

121 2972 281 3056 utamur,
310 2963 374 3035 sed
395 2963 456 3035 uhi
482 2963 692 3036 conditionis
719 2964 862 3036 alicuius
889 2966 1055 3062 cogitatio
1080 2962 1137 3034 vel
1163 2961 1223 3034 de·

122 3064 269 3140 claratio
299 3066 530 3165 significanda
556 3076 631 3158 est,
675 3066 887 3139 conditionis
916 3065 1126 3139 vocabulum
1158 3088 1224 3160 per

121 3167 346 3259 infinitivum,
375 3171 450 3241 eius
472 3181 587 3241 autem
612 3171 665 3243 rei
686 3195 830 3260 nomen,
858 3170 956 3240 cuius
977 3180 1031 3241 est
1051 3165 1229 3256 conditio,

83 3276 92 3293 ”
120 3294 188 3367 per
216 3271 452 3343 accusativum
477 3271 694 3343 iudicatur.'
728 3273 820 3344 Nam
854 3296 943 3368 quae
975 3295 1034 3343 res
1058 3278 1224 3365 tanquam

96 3370 290 3445 'renuens
323 3374 473 3472 cogitari
505 3372 633 3465 dehet,
675 3372 715 3446 h.
742 3401 775 3449 c.
802 3373 1040 3447 conditionem
1073 3370 1226 3467 aliquam

120 3483 244 3566 notat,
272 3499 337 3571 per
362 3478 596 3548 accusativum
622 3486 742 3548 casum
767 3476 994 3572 exprimitur,
1021 3470 1140 3544 addita
1165 3495 1225 3543 co-

122 3573 229 3673 pula,
252 3600 323 3675 qua
348 3576 488 3648 demum
512 3576 706 3675 praedicati
729 3577 939 3676 significatio
965 3573 1160 3671 perficitur,
1186 3580 1226 3643 ut

123 3702 241 3775 repam
266 3703 356 3767 esse,
384 3680 526 3751 militem
543 3705 629 3770 esse,
654 3703 813 3775 proquo
836 3679 1048 3775 sirrponre,
1074 3674 1225 3745 militare

122 3776 234 3869 dicis,
282 3778 365 3851 huic
399 3780 509 3853 verho
542 3790 685 3877 praeter
716 3778 877 3875 copulam
911 3779 1007 3874 regis
1042 3804 1073 3849 s.
1107 3776 1226 3847 militis

122 3880 366 3977 praedicatum
390 3885 505 3975 inest,
547 3885 584 3952 in
609 3908 680 3979 quo
706 3881 809 3952 simul
834 3882 1005 3954 incertum
1031 3879 1243 3952 subiectum·

123 3984 322 4081 cogitatur,
363 3995 404 4057 ut
435 3987 573 4082 integra
607 3986 652 4055 sit
684 3986 895 4057 enunciatio.
948 3985 1074 4081 Neque
1100 3978 1226 4076 copula

122 4110 197 4157 esce
221 4085 316 4157 hunc
346 4090 583 4161 accusativum
613 4112 740 4186 regere
770 4095 908 4184 potest,
949 4084 1015 4159 sed
1044 4082 1225 4182 praedica·
1281 4146 1286 4161 ,

122 4197 218 4280 tum,
259 4186 357 4285 quod
390 4200 446 4264 est
478 4187 664 4281 accidens,
709 4191 899 4262 accusativi
931 4190 1082 4262 formam
1112 4183 1227 4263 induit

121 4299 335 4387 propterea,
362 4290 477 4391 quod,
503 4302 543 4364 ut
567 4290 682 4364 nudae
706 4291 921 4364 substantiae
943 4314 1046 4363 casus
1066 4288 1224 4362 nomina.
