2654 4854
106 246 137 369 e
357 248 964 357 commnrnno'umonnnm

211 460 402 563 Sed'qnod
419 462 491 535 dixi
511 462 605 535 hane
625 462 816 534 accusativi
836 487 915 534 eum
936 458 1107 533 infinitivo
1127 484 1218 535 eon·

110 568 339 641 effictionem
370 591 443 637 non
472 590 579 663 posue
613 591 684 636 non
714 563 867 655 habere,
913 584 983 660 quo
1015 564 1092 659 ipsa
1122 560 1218 669 huec

94 670 308 759 enunciatio
331 669 528 759 referatur,
560 693 605 740 ne
631 669 709 764 quis
735 674 890 763 opponat
915 667 1081 737 commoti
1107 668 1220 739 animi

110 762 404 862 exclamationes,
446 768 559 867 qualia
595 780 648 841 est
685 769 778 865 apud
811 767 891 841 Cic.
927 766 974 839 ud
1007 769 1220 843 Terentiam

110 898 259 946 uxorem
284 873 382 968 Epp.
410 873 517 963 xlv,
549 869 587 943 1.
640 871 705 946 Me
726 872 915 961 miserum„
931 880 965 943 te
985 871 1058 941 ieta'
1071 873 1218 965 virtute,

108 975 196 1075 fide,
221 977 408 1071 probitate,
435 976 650 1047 humanitate
673 976 710 1045 in
734 986 848 1045 tantae
868 998 1052 1043 aerumnas
1071 986 1224 1071 propter

112 1103 166 1149 me
189 1076 372 1148 incidisse!
397 1077 692 1175 Interrogationis
711 1076 860 1146 sormam
882 1100 967 1169 prae
991 1100 1029 1146 se
1051 1076 1220 1149 iert‘stu·

111 1181 228 1275 pentis
252 1179 358 1249 animi
381 1181 549 1276 cogitatio
570 1178 745 1250 simillima
766 1177 845 1250 cic.
862 1176 971 1249 Verr.
984 1176 1035 1267 V,
1055 1175 1124 1270 58,
1144 1176 1219 1251 99.

113 1279 298 1353 Siculosne
325 1281 468 1372 milites,
509 1293 731 1353 aratorumne
759 1281 886 1352 liberos
909 1320 960 1332 -
982 1305 1084 1351 eosne
1105 1320 1154 1337 ·-
1176 1304 1223 1355 co

5 1424 8 1429 ,
112 1384 189 1454 cibo
217 1408 289 1454 erse
315 1408 414 1474 uror,
454 1409 476 1454 u
500 1409 567 1481 quo
595 1386 742 1454 maiores
765 1408 884 1454 corum
909 1392 1038 1453 ceteros
1064 1406 1221 1482 quoque,

112 1483 274 1582 frugibus
312 1487 457 1557 inventio
463 1536 476 1576 ‚
520 1485 764 1557 removerant?
808 1510 846 1580 p.
876 1482 1019 1556 Cluent.
1046 1481 1114 1576 51,
1144 1482 1221 1557 84.

20 1598 23 1603 ’
118 1586 214 1660 Tene
238 1587 324 1678 boc,
360 1586 443 1658 Atti
463 1589 577 1660 dicere
592 1587 668 1657 -?

214 1687 343 1786 Longe
370 1688 611 1786 frequentiora
636 1696 717 1759 sunt
737 1685 847 1759 verba
872 1685 1135 1781 impersonalia,
1163 1686 1227 1760 vel

114 1813 171 1883 ea,
198 1816 287 1886 quae
313 1791 505 1886 praedicati
529 1791 610 1864 loco
633 1789 678 1861 ad
703 1790 937 1862 accusativum
961 1815 995 1859 c.
1016 1788 1115 1858 infin.
1141 1798 1225 1860 tan·

114 1916 220 1987 quam
252 1890 297 1962 ad
326 1895 514 1964 subiectum
549 1892 733 1965 accedunt.
790 1892 834 1961 ln
867 1890 993 1987 quihus
1025 1900 1106 1961 sunt
1140 1916 1227 1963 cum

115 1991 183 2063 alia
209 1992 311 2064 huius
338 1997 500 2091 generis,
529 2005 616 2065 ¹tum
643 1994 722 2066 Cic.
751 1992 911 2087 Philipp.
940 1992 1049 2082 XIII,
1079 1990 1121 2083 8,
1152 1990 1232 2067 16»

14 2178 16 2185 Ι
119 2092 288 2166 Omnibus
310 2099 406 2167 bonie
423 2098 564 2194 expedit
579 2097 713 2167 caluam
731 2122 802 2167 esee
821 2095 1081 2190 rempublicam.
1103 2095 1221 2169 Tusa.
1250 2136 1253 2143 ·

115 2194 168 2287 V,
193 2195 262 2287 59,
291 2194 384 2270 114.
443 2199 628 2271 Traditum
648 2209 699 2270 eet
720 2198 912 2269 Homemm
936 2223 1075 2269 caecum
1093 2188 1228 2295 sunsei

116 2296 176 2370 De
202 2298 286 2370 Nat.
315 2301 366 2370 l).
394 2301 447 2393 ll,
474 2299 544 2392 55,
573 2297 640 2372 85.
685 2299 842 2392 Quorum
870 2301 1038 2377 utrumuis
1066 2300 1132 2391 eit,
1168 2326 1225 2373 ee·

116 2402 248 2500 quitur,
284 2414 413 2474 natura
437 2405 603 2477 mundum
624 2402 873 2474 administrari.
926 2399 1092 2471 Eundem
1117 2426 1239 2477 accu·.

116 2503 265 2573 sativum
301 2530 335 2576 o.
363 2505 463 2576 infin.
498 2514 663 2602 tanquam
698 2507 864 2576 obiectum
897 2505 1081 2599 requirunt
1111 2503 1225 2581 rerba

30 2642 33 2647 ·
115 2604 290 2677 sentiendi
311 2615 347 2679 et
367 2606 583 2699 declarandi,
612 2606 669 2678 vel
690 2631 780 2705 quae
800 2602 909 2676 verba
931 2604 987 2675 his
1011 2613 1092 2675 sunt
1112 2607 1224 2704 signi·

115 2704 281 2780 ficatione
305 2711 404 2805 paria
430 2720 467 2783 et
492 2708 703 2782 conditionis
729 2707 895 2798 alicuius,
930 2709 968 2777 in
993 2731 1063 2803 qua
1089 2707 1224 2807 aliquid

117 2818 186 2900 est,
214 2811 463 2905 cogitationem
486 2822 546 2884 aut
568 2812 862 2912 significationem
881 2808 1000 2880 verbis
1024 2812 1223 2907 exprimen-

117 2906 198 2980 dam
218 2911 387 3005 indieant‚
409 2923 466 2987 ut:
495 2941 646 3006 cernere,
668 2915 895 3011 persuadere,
916 2911 1048 3009 placet,
1075 2938 1225 3013 acquum
1255 2968 1258 2973 .

116 3020 190 3103 eet,
223 3039 343 3084 oerum
366 3026 434 3109 est7·
471 3041 561 3112 quae
586 3018 635 3086 ito
661 3015 801 3087 demum
827 3015 1063 3085 accusativum
1089 3040 1122 3086 c.
1151 3016 1220 3087 ins.

117 3111 317 3206 adsumunt,
346 3119 376 3188 si
400 3116 602 3189 declarandi
620 3118 691 3188 vim
712 3116 858 3188 habent.
914 3115 1031 3210 Saepe
1053 3141 1139 3189 vero
1163 3143 1222 3189 ea-

117 3212 198 3286 dem
222 3217 333 3288 verba
364 3216 409 3299 ad
444 3218 620 3316 agendum
652 3245 718 3316 per
746 3229 786 3289 ut
810 3228 846 3289 et
871 3218 1131 3289 coniunctivum
1157 3220 1223 3290 im-

116 3315 346 3420 pellunt10).
409 3318 633 3421 Quamquam
658 3322 689 3393 si
716 3319 824 3393 homo
854 3320 930 3418 ipse
956 3320 994 3390 in
1019 3319 1224 3395 conditione

200 3624 274 3683 noch
296 3627 341 3683 eiu
364 3639 463 3701 cretea,
485 3632 599 3690 aweiter
617 3628 657 3713 (fi.
673 3625 748 3712 175)
768 3629 872 3704 Objeet
892 3629 952 3686 und
973 3630 1077 3688 andere
1099 3626 1224 3687 Bestiar-

201 3730 328 3789 mungen
348 3714 394 3770 bei
415 3714 474 3772 sich
496 3715 588 3774 haben
607 3716 711 3774 ledunc.
755 3714 846 3793 Nego,
869 3726 898 3771 te
911 3711 1022 3798 (Subi.)
1036 3713 1104 3771 mibi
1122 3716 1225 3791 (awei-

201 3805 245 3852 tes
258 3793 339 3876 obj.)
356 3800 460 3857 librum
479 3800 584 3882 (ersten
600 3799 685 3881 Obj.)
702 3800 811 3858 dedisse
826 3798 976 3877 (Pridicat
992 3800 1051 3859 und
1068 3797 1226 3877 Copula).“

121 3893 174 3980 lo)
203 3896 362 3974 Utramque
386 3903 444 3958 rim
464 3902 539 3959 idem
561 3903 659 3960 eodem
680 3904 744 3960 loeo
764 3903 883 3960 verbum
905 3921 1007 3961 ceneeo
1026 3914 1140 3959 exercet
1158 3899 1225 3960 Sal-

33 4018 36 4027 ·
76 4056 79 4060 A
146 4026 148 4031 ³
201 3984 270 4043 luat.
292 3983 357 4064 Jug.
372 3986 422 4043 25.
449 3984 510 4044 Hir
528 3987 639 4046 litterie
655 3987 795 4053 recitarit
805 3989 913 4063 fuere,
936 3990 986 4066 qui
1008 3989 1225 4046 exercitamur

202 4066 342 4143 Africam
358 4071 531 4128 mittendum
551 4083 721 4144 renuerent,
756 4078 787 4131 et
804 4093 892 4152 quam
908 4075 1040 4152 primurn
1059 4071 1226 4131 Adherbali

202 4153 447 4213 subveniendum:
475 4156 510 4214 de
528 4153 680 4234 Iugurtha
698 4158 818 4216 interim
840 4160 886 4216 ati
903 4158 1124 4228 concuteretur,
1153 4177 1227 4236 quo-

203 4240 285 4296 niarn
298 4258 356 4331 non
368 4242 524 4319 paruirret
540 4241 660 4318 legatie.
682 4244 730 4300 ubi
752 4262 855 4302 ceneeo
871 4244 1016 4324 signifieat
1037 4245 1176 4302 eximino
1199 4263 1224 4305 e.
