2836 4852
208 310 254 347 ·’
305 342 309 353 ·
359 328 692 399 unaccusrnvo
713 331 804 396 mm
823 331 1052 399 mvmnno.
1209 332 1258 411 11
1335 380 1339 395 .

107 524 119 569 ·;
150 506 304 587 findere
331 502 429 605 filias
457 530 539 576 suus
564 503 694 574 docuit.
754 502 847 577 Nam
872 505 926 577 rei
950 482 1130 578 docendae
1156 532 1259 579 accu-

106 608 297 717 „sativae
313 602 448 706 (artem
471 601 669 704 tondendi),
689 614 822 715 tantum
851 607 889 676 in
918 607 1080 678 infinitivi
1110 609 1261 681 formam

151 708 255 783 abiit.
310 709 349 779 Is
375 718 490 780 autem
516 710 733 778 accusativus
756 733 834 779 cum
859 708 1045 801 infinitivo,
1075 713 1173 781 cuius
1197 736 1260 783 na·

106 858 113 903 ;
152 824 269 884 turam
297 822 335 882 et
355 813 426 881 vim
450 834 543 881 nunc
569 808 805 904 exploramus,
834 810 1029 882 ostenditur
1049 812 1134 883 Nat.
1153 812 1257 904 1).-l‚
1298 820 1303 828 '
1371 856 1373 861 -

154 904 344 1004 38,'107.
376 910 555 1008 Orpheum
573 922 712 1007 poetam
733 914 833 984 docet
853 912 1059 986 Aristoteles
1083 940 1260 1015 nunquam

106 1058 110 1065 ·
155 1014 276 1115 fuisse.
330 1013 425 1085 Nam
447 1013 556 1087 verba
584 1012 762 1109 Orpheum
780 1026 920 1108 poetam
942 1041 1117 1114 serioquem
1134 1016 1257 1113 sitisse,

159 1117 371 1189 coniunctim
397 1138 508 1186 unum
528 1114 584 1206 id,
609 1114 709 1211 >quod
731 1113 846 1187 Arist.
873 1116 992 1189 docuit
999 1145 1112 1209 ,non
1136 1144 1260 1215 perso·
1313 1152 1318 1160 ·

153 1245 257 1310 nm,
286 1243 392 1315 quam
418 1217 557 1308 docuit,
587 1216 779 1289 declarant.
842 1217 1014 1292 Similiter
1040 1220 1260 1295 statuendum

154 1332 211 1394 est
236 1320 281 1392 de
307 1319 413 1391 Orat.
437 1319 489 1410 H,
517 1316 588 1411 24,
611 1316 711 1389 100.
764 1321 844 1391 Lex
864 1327 1083 1420 pereprinum
1107 1334 1201 1395 vetat
1223 1325 1261 1393 io
1280 1404 1302 1413 ¹,

106 1450 110 1463 ·
153 1448 294 1493 merrtem
320 1424 544 1493 adscendere.
599 1421 673 1510 Qui
698 1423 745 1492 ita
772 1422 911 1494 demum
937 1427 1154 1497 accusativae
1180 1450 1260 1496 eum

106 1550 109 1601 ζ
152 1524 329 1596 infinitivo
352 1522 422 1595 dici
441 1531 570 1619 potest,
598 1525 629 1593 si
651 1523 760 1594 verba
783 1526 834 1596 sic
856 1536 1035 1597 struuntur
1057 1527 1132 1597 Lex
1150 1530 1258 1615 vetut,

150 1629 376 1724 pereprimtm
406 1628 503 1717 adse.
536 1627 573 1694 in
602 1652 650 1695 m.
680 1636 719 1695 ut
745 1624 852 1696 Ollic.
878 1628 947 1717 lll,
976 1625 1037 1717 ll,
1066 1626 1132 1699 47.
1190 1625 1265 1718 Qui

152 1731 355 1825 percprioos
381 1728 523 1797 urbibus
541 1729 595 1796 uti
615 1727 821 1823 prodiderat,
851 1724 916 1825 (cf.
938 1728 1067 1805 ibidem
1091 1754 1261 1801 sincaere

157 1831 256 1900 urbis
278 1830 460 1926 prodidere
479 1831 699 1926 pereprinos,
732 1822 1062 1913 suneioliumaomn
1087 1844 1156 1904 est:
1191 1855 1262 1926 qua
1311 1838 1317 1849 '

158 1931 297 2003 ratione
328 1933 425 2003 actio
457 1929 500 2001 ab
538 1942 666 2028 agente
703 1929 929 2032 seiungitur.)
997 1933 1120 2030 ltaque
1154 1957 1262 2027 saepe

157 2032 347 2127 verborum
374 2032 560 2105 collocatio
588 2032 843 2104 consideranda
869 2046 936 2126 est,
965 2046 1004 2105 ut
1026 2037 1261 2107 accusativum

157 2134 374 2233 distinguas,
404 2137 465 2232 qui
490 2134 642 2206 a'verlro
668 2135 767 2206 finito
792 2138 929 2234 regitur
953 2138 1024 2228 sic,
1053 2148 1091 2209 ut
1116 2135 1263 2209 accedat

153 2236 349 2309 infinitivus
385 2240 451 2333 pro
485 2236 692 2308 substantivi
727 2239 799 2310 sive
833 2241 1047 2310 nominativo
1082 2243 1154 2312 sive
1191 2236 1261 2309 alio

155 2364 264 2432 casu,
291 2349 348 2411 ut:
392 2339 546 2412 Militem
574 2342 673 2412 decet
692 2339 820 2437 fortem
849 2368 921 2414 esse
947 2341 1132 2441 (fortitudo
1160 2340 1262 2412 decet

153 2441 335 2541 militem),
363 2467 452 2538 quae
468 2442 590 2533 verba,
617 2444 661 2534 si,
689 2452 821 2513 mutato
844 2442 940 2535 loco,
968 2445 1019 2514 sic
1043 2445 1148 2514 effers
1169 2441 1262 2512 For·
1291 2472 1293 2477 ·

155 2556 226 2617 tem
254 2545 399 2616 militem
425 2570 495 2615 esse
521 2546 620 2615 dccet
643 2569 712 2614 una
738 2544 909 2615 fortitudo
943 2545 1102 2615 militaris
1128 2569 1192 2638 per
1223 2567 1262 2614 se

155 2644 338 2736 laudatur,
379 2656 546 2717 concreto
571 2671 637 2740 pro
665 2644 841 2717 abstracto
868 2648 984 2742 posito
1010 2648 1081 2735 sic,
1122 2655 1160 2715 ut
1185 2644 1261 2714 uni·

152 2774 260 2820 verse
287 2747 418 2819 dietum
448 2749 505 2819 sit.
568 2748 606 2819 Is
631 2749 738 2846 igitur
762 2773 836 2818 non
862 2759 914 2819 est
940 2750 1158 2819 aecusativus
1185 2771 1263 2817 cuns

152 2848 351 2941 infinitivo,
389 2848 452 2921 sed
480 2842 588 2920 dnum
613 2849 830 2940 subiectum,
846 2862 849 2871 “
867 2848 962 2946 quod
983 2849 1161 2922 verbalem
1187 2849 1262 2918 l'or·
1302 2846 1304 2853 ’

153 2978 250 3023 mam
268 2952 432 3023 infinitivi
454 2950 580 3042 induit,
605 2950 723 3025 addito
743 2951 946 3048 praedicato
967 2955 1078 3045 decet,
1106 2962 1144 3022 ut
1160 2950 1264 3022 lieret

152 3054 296 3154 integra
321 3054 540 3145 enunciatio,
569 3056 606 3125 in
630 3080 700 3153 qua
715 3064 819 3126 'esset
845 3056 1063 3127 accusativus
1088 3065 1123 3126 et
1146 3052 1262 3125 infini-

152 3158 248 3229 tivus
274 3154 321 3227 ad
344 3182 451 3227 unam
475 3157 655 3228 notionem
684 3156 977 3229 constituendam.

255 3255 320 3330 Ad
350 3258 499 3331 alterum
526 3270 641 3330 autem
667 3258 855 3330 verborum
887 3279 1031 3357 genus,
1064 3255 1162 3356 quod
1190 3254 1264 3327 dixi

154 3356 444 3460 distinguendum
470 3386 568 3450 esse,
595 3363 773 3456 pertinent
798 3360 907 3433 verba
930 3388 1038 3459 perpe
1045 3411 1057 3448 ,
1085 3360 1262 3449 consuevi,

154 3462 267 3553 soleo,
295 3465 418 3554 dedeo,
443 3488 597 3559 possum,
626 3462 672 3533 al.
698 3463 826 3559 quibus
853 3462 967 3533 nudus
990 3462 1180 3532 infinitivus
1203 3457 1263 3530 ad·

155 3564 315 3662 iungitur·
341 3576 550 3661 propterea,
588 3562 684 3660 quod
715 3565 906 3635 infinitivus
940 3565 1066 3635 sufficit
1096 3561 1141 3633 ad
1177 3559 1263 3632 deli-

154 3663 324 3739 niendam
351 3692 442 3758 eam,
471 3691 560 3762 quac
587 3667 622 3735 in
645 3665 756 3738 verbo
780 3666 880 3736 finito
907 3675 974 3753 est,
1002 3663 1059 3735 vel
1081 3664 1187 3735 officii
1206 3661 1265 3734 vel

154 3767 442 3859 consuetudinis,
470 3767 666 3860 facultatis,
696 3766 820 3857 studii,
850 3766 1050 3862 cupiditatis
1067 3768 1261 3858 notionem,

155 3896 251 3969 quae
275 3896 349 3942 non
372 3895 447 3941 rem
474 3868 648 3966 aliquam,
680 3879 845 3965 tanquam
872 3869 1059 3961 accidens,
1093 3867 1263 3966 postulat,

155 3970 224 4045 sed
248 3998 332 4044 suae
358 3973 512 4043 notionis
534 3970 807 4066 descriptionem
832 3998 895 4043 seu
917 3973 1046 4043 nudam
1071 3971 1265 4068 praedicati

157 4100 239 4147 eum
262 4072 390 4172 copula
411 4072 719 4171 significationem,
747 4073 785 4144 lr.
812 4099 845 4145 e.
870 4074 1092 4146 infinitivum.
1143 4073 1265 4162 Quare

156 4202 231 4248 non
256 4175 364 4248 modo
390 4174 518 4247 dicitur
539 4187 638 4271 potes
657 4177 818 4266 scribere,
847 4175 1041 4248 sedetiam
1069 4177 1172 4246 debes
1194 4198 1266 4244 esec
1343 4212 1353 4231 ·

158 4280 282 4353 suem.
317 4278 420 4369 volo,
462 4279 586 4375 cupio,
628 4281 749 4352 studeo
779 4304 850 4351 esse
879 4277 1042 4352 clerrrens.
1109 4276 1168 4346 Ex
1194 4298 1265 4371 quo
