2836 4852
174 356 233 416 ou
255 321 458 416 sonuum
477 354 624 416 uusoto
646 353 701 416 nu
723 352 805 417 vui.
825 354 938 418 uano
960 356 1050 424 soro
1071 361 1134 423 aa.
1166 358 1221 448 57
1352 426 1355 431 ,

134 548 227 597 acum
258 523 351 596 solet
376 548 572 621 occupare,
614 535 651 595 ut
676 527 706 596 si
733 551 865 622 quaero
893 533 1026 625 possis,
1071 557 1118 600 aa
1148 505 1218 600 aloa

134 628 231 719 uani,
258 666 310 681 -
336 638 452 705 utrum
477 626 584 717 velis,
624 653 686 721 nec
711 627 781 698 ae?
818 629 863 699 ln
889 633 985 702 omni
1010 628 1217 704 disiunctivc
1342 658 1347 670 ‘

134 727 353 825 nterrogandi
392 755 525 825 genere
558 730 690 825 prioris
725 728 1013 831 interrogationis
1049 733 1217 830 cogitatio

134 833 330 925 amtpcscio
354 830 412 903 rel
438 832 536 902 hacid
559 834 628 904 scio
655 833 783 902 omissa
809 834 1029 935 intelligitur,
1058 834 1122 906 sed
1146 860 1219 905 non

134 928 234 1005 tuden
249 931 376 1004 modo.
429 932 561 1006 Nescio
585 932 632 1004 uo
657 960 727 1005 non
752 947 898 1032 propter
919 938 1093 1009 sermonis
1117 946 1216 1006 natu-
1337 974 1342 986 =

134 1058 187 1105 an
201 1035 315 1109 rarius
336 1045 404 1107 est.
456 1035 671 1132 Exemplum
692 1047 810 1110 tamen
829 1039 977 1136 praehet
997 1039 1077 1112 Cic.
1094 1033 1214 1111 aad.
1295 1074 1297 1078 ·

134 1134 169 1227 ll,
184 1132 246 1208 25.
263 1149 357 1208 extr.
396 1138 536 1231 Quaere
552 1142 735 1230 rationem,
763 1167 827 1211 cur·
840 1143 892 1212 tta
907 1144 1087 1231 videatur:
1112 1164 1216 1240 qaam

134 1241 323 1312 damnine
350 1242 543 1332 intraueris,
585 1243 681 1340 quod
713 1242 812 1312 ltaud
843 1247 914 1316 acio
939 1271 987 1315 an
1012 1269 1083 1314 non
1105 1245 1216 1339 possis

161 1354 179 1435 J
197 1367 229 1413 e.
245 1343 442 1437 possisne,
487 1369 533 1413 an
557 1368 632 1413 non
656 1340 735 1442 p.),·
782 1369 853 1415 raon
879 1357 917 1417 tu
941 1388 991 1402 --
1009 1346 1213 1417 ostenderat.
1260 1433 1261 1436 Ἴ

174 1518 177 1523 ,
220 1445 375 1515 ariorum
410 1455 526 1516 autem
559 1455 697 1540 partem
729 1446 886 1542 priorem
921 1450 1109 1538 omissam,
1151 1445 1216 1518 sed

134 1564 198 1638 pne
220 1546 389 1619 facillime
417 1572 461 1619 ex
487 1545 617 1637 altera,
658 1546 740 1618 cum'
762 1552 897 1641 tresdo„
940 1577 986 1620 aa
1011 1551 1212 1640 coniuncta,
1329 1546 1332 1550 ’

134 1645 382 1746 interrogatione
408 1675 474 1747 per
498 1650 758 1746 oppositionem
783 1651 934 1750 intelligi
957 1652 1085 1747 possit,
1113 1648 1213 1721 vides
1275 1717 1282 1737 .

134 1747 202 1842 apud
227 1750 349 1823 Plant.
379 1750 541 1825 Mostell.
568 1750 640 1844 Ill,
669 1749 711 1846 2,
741 1749 813 1825 90.
876 1754 984 1847 Nunc
1015 1753 1113 1823 lauud
1143 1753 1214 1823 scio

134 1874 166 1918 m
184 1852 377 1952 colloquerer,
398 1853 437 1924 lr.
455 1881 489 1926 e.
511 1865 708 1945 taceamne,
738 1879 782 1926 an
808 1856 1006 1955 colloquar.
1035 1852 1116 1928 Cic.
1138 1853 1212 1948 Ep.
1313 1883 1320 1903 ¹

134 1947 215 2045 lllll,
241 1952 277 2025 l.
333 1949 464 2055 Nescio
489 1984 537 2029 aa
562 1958 807 2056 ignoscendum
831 1961 877 2031 sit
900 1961 1001 2048 duic,
1043 1959 1212 2056 situata·
1242 2040 1245 2045 Α

134 2076 193 2144 perc
218 2056 356 2130 loborat
385 2085 452 2155 pro
487 2058 643 2150 Nescio,
686 2055 918 2159 castigatione
942 2084 1038 2157 opus.
1059 2060 1126 2151 sit,
1168 2083 1214 2127 an
1309 2096 1312 2101 ν

134 2152 238 2252 ignore.
259 2160 365 2232 Lael.
385 2158 449 2233 12.
476 2164 572 2262 quod
588 2165 740 2262 quidm,
765 2175 807 2238 ut
826 2165 1011 2260 reaccepit
1031 2164 1096 2252 ire,
1115 2160 1214 2231 ltoud
1322 2178 1324 2183 '

134 2260 179 2329 uio
198 2288 240 2332 uu
263 2264 457 2362 aliquando
480 2264 641 2364 futurarm
666 2269 723 2337 sit.
750 2265 789 2337 la.
813 2292 848 2340 e.
876 2288 1123 2362 nunquamne,
1165 2287 1212 2332 an

134 2356 288 2459 aliquando
316 2366 384 2437 fut.
415 2369 475 2438 sit.
529 2368 797 2451 Disiunctarum
822 2378 938 2441 autem
965 2368 1148 2438 notionum
1175 2375 1211 2433 et
1257 2403 1260 2409 .

134 2483 219 2536 rerum
233 2468 388 2540 varietas
407 2479 505 2541 tanta
522 2480 591 2563 est,
619 2481 754 2541 utnon
776 2469 977 2568 ubique-ex
999 2467 1075 2540 sola
1098 2489 1210 2561 oppo-

134 2560 225 2640 sitione
251 2581 352 2642 certo
378 2573 492 2667 possit
517 2572 665 2644 alterum
697 2572 986 2672 interrogationis
1012 2565 1211 2640 membrum

134 2663 262 2768 haltigi.
316 2673 410 2745 Nam
436 2674 469 2759 si
493 2672 625 2746 dixeris
650 2673 779 2747 ll'cscio
808 2701 856 2746 aa
880 2675 972 2745 hunc
999 2675 1122 2743 ducem
1147 2669 1209 2738 lta-

134 2765 231 2864 luerit,
275 2801 383 2848 nemo
408 2779 611 2848 necessario
643 2779 803 2872 priorem
835 2787 972 2873 partem
1005 2783 1123 2846 mente
1158 2772 1210 2842 sic

134 2871 274 2967 explebit:
302 2877 433 2950 Nescio
459 2882 659 2951 comitemne
683 2880 790 2971 lianc,
819 2906 867 2950 an
888 2880 1010 2949 ducem
1028 2872 1208 2946 doluerit.-

134 2977 301 3049 miratum
327 2981 397 3051 nisi
423 2983 732 3075 commemoraris,
785 2982 844 3054 rix
870 2982 1056 3080 quisquam
1080 3002 1146 3074 per
1172 2999 1211 3046 se

134 3078 283 3173 flagitabit.
344 3082 478 3174 Quare
513 3085 551 3155 in
588 3083 760 3156 eiusmodi
798 3083 1021 3182 oppositione
1062 3087 1211 3177 propter

134 3176 270 3254 uiuorem
304 3185 481 3283 quandam
514 3189 698 3258 notionum
731 3188 974 3283 oppositarum
1005 3182 1209 3276 discrepan-

134 3276 188 3351 Μ
220 3288 376 3380 priorem
415 3290 706 3387 interrogationis
746 3300 884 3386 partem
923 3285 1016 3384 apud
1055 3284 1210 3380 optimos

134 3384 291 3480 sriptores
317 3384 490 3489 nusquam
516 3393 682 3463 omissam
708 3417 851 3491 argues,
886 3388 950 3462 sed
976 3387 1080 3459 alium
1102 3406 1209 3477 saepe

134 3504 205 3577 {tim
240 3491 530 3592 interrogationis
561 3495 711 3564 sormam
743 3494 881 3567 videbis
909 3488 1079 3563 induisse.
1122 3482 1206 3553 Liv.
1321 3544 1327 3551 .

134 3580 246 3685 lelI,
275 3591 342 3665 16.
372 3606 464 3668 extr.
527 3594 611 3668 Sive
645 3607 764 3687 tuoto,
812 3598 884 3667 sive
913 3594 1029 3663 minor
1065 3584 1240 3687 victoriax

134 3682 186 3782 iit,
211 3698 331 3795 rupem
347 3723 388 3769 co
408 3700 466 3773 dic
484 3724 541 3771 res
559 3695 675 3797 (gesta
693 3694 777 3797 est),
803 3723 845 3768 ao
861 3694 977 3767 nescio
994 3715 1042 3762 aa
1059 3687 1211 3758 maxima

134 3786 274 3870 labello
290 3811 389 3897 qesta
407 3803 464 3873 sit.
506 3799 551 3871 In
569 3801 626 3872 his
645 3801 754 3899 igitur
772 3797 981 3871 indicativus
1003 3788 1211 3889 opprimitur

134 3892 254 3972 dudem
276 3899 378 3972 verbi
404 3893 642 3994 coniunctivo,
671 3928 776 4007 quem
797 3903 988 3997 insequens
1009 3892 1209 3968 enunciatio

134 4012 244 4097 apter
280 4005 457 4100 potiorem
498 4006 814 4103 interrogationem
847 4013 929 4101 post
963 4026 1011 4072 on
1042 3995 1206 4094 requirit.

134 4092 373 4179 lonimctivum
408 4130 616 4206 oppressum
654 4107 699 4207 ab
735 4106 923 4180 indicativo
960 4101 1091 4175 senties
1132 4094 1210 4165 aliis

134 4204 201 4301 lein,
226 4218 268 4281 ut
292 4207 373 4282 Cic.
393 4210 513 4309 Epist.
530 4212 604 4305 IX,
623 4208 687 4283 15.
732 4210 799 4285 Ea
819 4211 858 4281 id
875 4207 1014 4309 quidem
1031 4221 1208 4298 magicum,

134 4316 202 4407 luae
229 4310 332 4384 tund
361 4317 430 4388 scio
461 4341 509 4387 ou
543 4316 742 4387 niaximum.
806 4313 919 4384 Tusc.
942 4306 1014 4397 ΠΙ,
1040 4299 1112 4388 25.
1138 4292 1206 4368 55·
