2654 4854
803 167 813 203 Ι

162 372 167 390 .
202 297 254 415 η’
375 346 410 376 a
609 333 900 400 rnanuarro.

196 512 423 586 annotationi
455 507 677 608 potissimum
707 505 898 600 adderem,
939 524 1031 609 quae
1066 505 1113 580 ub
1137 507 1215 581 eliis
1241 506 1312 581 dis·

24 608 27 615 ¹
105 648 133 736 f
202 629 435 707 sentientibus
478 626 725 727 cognovissem
765 624 811 700 de
852 626 930 699 istis
951 625 1081 716 suebos¹
1120 626 1311 725 disputata.

21 748 39 791 ’·
149 750 314 845 *Quod
341 775 423 823 cum
455 772 562 844 saepe
593 744 700 838 alias,
747 757 823 817 tum
859 748 897 818 in
933 772 975 820 ea
1004 745 1312 853 commentatione

106 958 111 964 ,
202 872 296 963 feei,
337 895 427 970 quae
453 866 645 942 estaltero
676 865 758 939 loco
785 866 829 938 dc
843 866 1009 939 'formula
1042 872 1163 941 nescio
1182 896 1231 941 aa
1253 867 1314 942 vel

57 1000 60 1011 '
100 1075 103 1084 ¹
202 992 301 1064 tero
321 992 391 1063 scio
417 1016 465 1061 aa
491 994 583 1059 anno
609 983 732 1067 1822.
760 988 912 1083 primum
939 987 1054 1084 editu,
1094 1001 1134 1060 ut
1157 1013 1249 1086 quae
1274 990 1312 1061 in

201 1108 350 1185 Catonis
371 1110 461 1185 Mai.
485 1108 639 1180 editione
664 1105 778 1189 tribus
803 1109 905 1206 annis
931 1118 1012 1180 ante
1038 1106 1084 1179 nd
1106 1106 1310 1202 c.16,5d.

200 1232 444 1327 scripsissem,
472 1231 641 1303 Virorum
665 1225 850 1298 doctorum
878 1254 1027 1301 censura
1053 1228 1225 1302 adductus
1250 1254 1311 1308 ex·

199 1348 391 1447 plicarem,
426 1352 637 1446 praesertim
667 1374 746 1421 cum
774 1347 953 1446 aliquanto
979 1346 1062 1446 post
1086 1349 1181 1422 idem
1207 1375 1310 1448 argu-

187 1462 356 1542 ‘mentum
402 1469 472 1544 alio
519 1469 626 1543 modo
666 1468 843 1541 tractandi
885 1468 1081 1565 periculum
1129 1469 1308 1542 fecissem.

200 1589 297 1688 Tum
332 1601 475 1687 praeter
513 1589 603 1660 alios
637 1589 738 1663 Gar.
774 1591 965 1661 Beierus
1001 1590 1039 1658 in
1077 1567 1230 1661 excursu
1264 1589 1310 1660 ad

50 1802 53 1809 Ι
168 1712 173 1729 ’
199 1708 363 1792 Laelium
378 1720 428 1781 et
453 1710 579 1783 Ferd.
608 1709 811 1782 Handius
836 1711 874 1781 in
899 1702 1136 1783 1²Volumine
1161 1707 1309 1779 Tursel-

97 1850 102 1859 ’
198 1827 264 1899 lini
294 1854 393 1899 suam
423 1828 466 1900 de
502 1829 569 1901 hac
603 1829 781 1902 locutione
816 1831 1026 1903 sententiam
1056 1838 1308 1926 exposuerunt.

198 1947 252 2020 Ut
283 1948 392 2045 igitur
425 1972 516 2045 quae
551 1949 641 2019 scitu
676 1949 883 2048 dignissima
926 1948 972 2019 ad
1012 1976 1133 2029 meam,
1168 1974 1311 2020 causam

86 2075 88 2079 ’
198 2068 440 2166 pertinerent,
490 2066 542 2138 illi
572 2067 873 2142 Commentationi
906 2066 1096 2161 adderem,
1140 2067 1309 2166 pleraque

70 2185 79 2195 ’
124 2233 129 2242 .
200 2189 277 2262 eins
303 2188 445 2287 generis
470 2189 508 2258 in
533 2199 636 2261 notas
662 2191 832 2267 conieci.
858 2190 917 2262 Ex
943 2216 1012 2288 qua
1037 2187 1310 2287 intelligentium

71 2343 76 2353 ·
160 2406 165 2423 Ι
198 2308 356 2382 virorum
392 2313 635 2382 controversia
667 2302 800 2409 aliquid
835 2310 880 2381 ad
914 2334 976 2403 eos
1011 2307 1185 2394 redundat
1214 2306 1309 2380 utili·

95 2515 101 2533 .
197 2430 300 2521 tntis,
341 2430 403 2526 qui
436 2454 500 2501 suo
535 2429 668 2541 iudicio
702 2432 758 2501 usi
786 2430 932 2524 volunt,
970 2429 1057 2529 quid
1088 2427 1312 2500 statuendum

87 2582 92 2593 ·
199 2549 259 2641 sit,
288 2550 487 2646 exquirere.
549 2551 710 2622 Fuerunt
735 2553 839 2623 etiam
865 2553 902 2623 iu
928 2549 1006 2625 aliis
1031 2548 1309 2623 Commentatio-

26 2688 41 2727 ·.
90 2740 93 2745 ,
197 2667 303 2740 nibus
331 2668 589 2766 comparandae
614 2670 815 2764 Etzleri,
848 2667 962 2772 Aug.
992 2644 1325 2767 Grotefendii,

198 2785 598 2882 Weissenbornii,
645 2791 921 2884 Billrothii,
972 2790 1122 2879 aliorum
1160 2790 1307 2884 scriptu,

0 2917 33 3010 ζ
62 2970 68 2975 .
135 2940 137 2945 ·
178 2908 291 2999 ⁴unde
325 2919 546 3005 repeterem,
597 2936 691 3008 quae
726 2937 933 3009 comparare
968 2911 1113 2983 lectoris
1148 2918 1310 3003 putarem

4 3045 8 3086 ῐ·
44 3102 48 3111 ,
100 3070 104 3075 -
150 3070 154 3078 =
196 3028 384 3100 interesse.
440 3027 664 3125 Quamquam
696 3029 822 3103 modus
855 3031 923 3100 suit
953 3028 1035 3099 huic
1061 3027 1185 3125 generi
1210 3025 1309 3098 locu·

3 3199 4 3208 .
114 3217 117 3223 ,
197 3145 400 3245 pletationis
421 3149 712 3242 constituendus,
757 3175 802 3222 ne
836 3148 942 3219 nimis
974 3145 1195 3244 anquirendo
1222 3145 1309 3220 alio·

122 3305 127 3317 =
197 3285 291 3358 rum
308 3266 352 3339 de
372 3264 424 3340 're
451 3293 591 3366 quaque
623 3272 815 3342 sententias
840 3267 1039 3340 molestiam
1065 3268 1109 3340 iis
1135 3268 1307 3361 facerem,

73 3390 80 3407 '
198 3384 408 3487 quibuscum
433 3387 560 3460 vellem
587 3387 672 3486 quid
697 3391 774 3486 ipse
799 3390 968 3461 sentirem
994 3389 1269 3461 communicare.

299 3502 404 3580 Haeo
427 3506 504 3580 fere
529 3488 693 3601 fuerunt,
721 3535 811 3608 quae
834 3508 1046 3582 benevolum
1070 3508 1241 3581 lectorem
1263 3504 1308 3580 de

197 3627 265 3702 hac
290 3625 555 3725 opusculorum
582 3629 736 3703 editione
762 3629 856 3703 scire
881 3629 1022 3703 vellem.

728 3801 798 3885 Α.
827 3799 895 3886 o.
924 3798 1255 3885 Gernnaro.
