<?xml version="1.0" encoding="UTF-8"?>
<!DOCTYPE html PUBLIC "-//W3C//DTD XHTML 1.0 Transitional//EN"
    "http://www.w3.org/TR/xhtml1/DTD/xhtml1-transitional.dtd">
<html xmlns="http://www.w3.org/1999/xhtml" xml:lang="en" lang="en">
 <head>
  <title>
</title>
<meta http-equiv="Content-Type" content="text/html;charset=utf-8" />
  <meta name='ocr-system' content='tesseract 3.04.00' />
  <meta name='ocr-capabilities' content='ocr_page ocr_carea ocr_par ocr_line ocrx_word'/>
</head>
<body>
  <div class='ocr_page' id='page_1' title='image "auggottgernhard00gerngoog_0069.png"; bbox 0 0 2654 4854; ppageno 0'>
   <div class='ocr_carea' id='block_1_1' title="bbox 88 263 1293 403">
    <p class='ocr_par' dir='ltr' id='par_1_1' title="bbox 88 263 1293 403">
     <span class='ocr_line' id='line_1_1' title="bbox 88 263 1293 403; baseline 0.005 -31"><span class='ocrx_word' id='word_1_1' title='bbox 88 272 94 279; x_wconf 76' lang='grc'><strong>’</strong></span> <span class='ocrx_word' id='word_1_2' title='bbox 207 307 264 403; x_wconf 82' lang='lat' dir='ltr'>nn</span> <span class='ocrx_word' id='word_1_3' title='bbox 284 280 485 372; x_wconf 75' lang='lat' dir='ltr'>ronnma</span> <span class='ocrx_word' id='word_1_4' title='bbox 504 307 650 371; x_wconf 79' lang='lat' dir='ltr'>neseio</span> <span class='ocrx_word' id='word_1_5' title='bbox 671 309 728 370; x_wconf 82' lang='lat' dir='ltr'>an</span> <span class='ocrx_word' id='word_1_6' title='bbox 750 306 832 372; x_wconf 86' lang='lat' dir='ltr'>vm.</span> <span class='ocrx_word' id='word_1_7' title='bbox 852 309 964 374; x_wconf 83' lang='lat' dir='ltr'>mun</span> <span class='ocrx_word' id='word_1_8' title='bbox 985 263 1076 376; x_wconf 82' lang='lat' dir='ltr'>scio</span> <span class='ocrx_word' id='word_1_9' title='bbox 1097 312 1161 377; x_wconf 83' lang='lat' dir='ltr'>m.</span> <span class='ocrx_word' id='word_1_10' title='bbox 1188 312 1245 389; x_wconf 72' lang='lat' dir='ltr'>so</span> <span class='ocrx_word' id='word_1_11' title='bbox 1286 362 1293 377; x_wconf 94' lang='lat'>.</span> 
     </span>
    </p>
   </div>
   <div class='ocr_carea' id='block_1_2' title="bbox 85 478 1244 3542">
    <p class='ocr_par' dir='ltr' id='par_1_2' title="bbox 85 478 1244 3542">
     <span class='ocr_line' id='line_1_2' title="bbox 142 478 1243 589; baseline 0.01 -40"><span class='ocrx_word' id='word_1_12' title='bbox 142 505 247 578; x_wconf 88' lang='lat' dir='ltr'>qnam</span> <span class='ocrx_word' id='word_1_13' title='bbox 280 481 318 551; x_wconf 87' lang='lat' dir='ltr'>iu</span> <span class='ocrx_word' id='word_1_14' title='bbox 352 478 465 552; x_wconf 89' lang='lat' dir='ltr'>altera</span> <span class='ocrx_word' id='word_1_15' title='bbox 499 481 773 579; x_wconf 71' lang='lat' dir='ltr'>interrogatione</span> <span class='ocrx_word' id='word_1_16' title='bbox 807 480 1111 578; x_wconf 68' lang='lat' dir='ltr'>deprehendant,</span> <span class='ocrx_word' id='word_1_17' title='bbox 1152 511 1243 589; x_wconf 90' lang='lat' dir='ltr'>qnae</span> 
     </span>
     <span class='ocr_line' id='line_1_3' title="bbox 141 584 1243 680; baseline 0.007 -27"><span class='ocrx_word' id='word_1_18' title='bbox 141 607 242 673; x_wconf 88' lang='lat' dir='ltr'>sese,</span> <span class='ocrx_word' id='word_1_19' title='bbox 285 592 463 679; x_wconf 76' lang='lat' dir='ltr'><strong>tamquam</strong></span> <span class='ocrx_word' id='word_1_20' title='bbox 489 606 634 655; x_wconf 89' lang='lat' dir='ltr'>vacuum</span> <span class='ocrx_word' id='word_1_21' title='bbox 661 586 842 680; x_wconf 84' lang='lat' dir='ltr'><strong>suppressi</strong></span> <span class='ocrx_word' id='word_1_22' title='bbox 865 584 1016 658; x_wconf 83' lang='lat' dir='ltr'>membri</span> <span class='ocrx_word' id='word_1_23' title='bbox 1036 584 1157 659; x_wconf 90' lang='lat' dir='ltr'>locum</span> <span class='ocrx_word' id='word_1_24' title='bbox 1183 613 1243 661; x_wconf 90' lang='lat' dir='ltr'>oc·-</span> 
     </span>
     <span class='ocr_line' id='line_1_4' title="bbox 141 683 1241 786; baseline 0.005 -29"><span class='ocrx_word' id='word_1_25' title='bbox 141 709 289 781; x_wconf 87' lang='lat' dir='ltr'>cupans,</span> <span class='ocrx_word' id='word_1_26' title='bbox 318 683 363 755; x_wconf 93' lang='lat' dir='ltr'>ad</span> <span class='ocrx_word' id='word_1_27' title='bbox 383 685 498 756; x_wconf 78' lang='lat' dir='ltr'>nescio</span> <span class='ocrx_word' id='word_1_28' title='bbox 514 683 571 757; x_wconf 86' lang='lat' dir='ltr'>vel</span> <span class='ocrx_word' id='word_1_29' title='bbox 589 685 687 756; x_wconf 84' lang='lat' dir='ltr'>baad</span> <span class='ocrx_word' id='word_1_30' title='bbox 707 687 777 758; x_wconf 81' lang='lat' dir='ltr'>acio</span> <span class='ocrx_word' id='word_1_31' title='bbox 796 697 882 758; x_wconf 87' lang='lat' dir='ltr'>cu&#39;m-</span> <span class='ocrx_word' id='word_1_32' title='bbox 895 713 959 759; x_wconf 90' lang='lat' dir='ltr'>suo</span> <span class='ocrx_word' id='word_1_33' title='bbox 977 715 1025 759; x_wconf 81' lang='lat' dir='ltr'>aa</span> <span class='ocrx_word' id='word_1_34' title='bbox 1039 686 1241 786; x_wconf 74' lang='lat' dir='ltr'><strong>applicavit.</strong></span> 
     </span>
     <span class='ocr_line' id='line_1_5' title="bbox 138 784 1243 892; baseline 0.002 -31"><span class='ocrx_word' id='word_1_35' title='bbox 138 784 232 861; x_wconf 85' lang='lat' dir='ltr'>Nam</span> <span class='ocrx_word' id='word_1_36' title='bbox 258 788 500 858; x_wconf 86' lang='lat' dir='ltr'>coniunctivus</span> <span class='ocrx_word' id='word_1_37' title='bbox 522 784 648 858; x_wconf 89' lang='lat' dir='ltr'>modus</span> <span class='ocrx_word' id='word_1_38' title='bbox 671 789 804 884; x_wconf 89' lang='lat' dir='ltr'>pariter</span> <span class='ocrx_word' id='word_1_39' title='bbox 822 787 881 861; x_wconf 92' lang='lat' dir='ltr'>hic</span> <span class='ocrx_word' id='word_1_40' title='bbox 903 800 1065 862; x_wconf 86' lang='lat' dir='ltr'>servatur</span> <span class='ocrx_word' id='word_1_41' title='bbox 1083 801 1188 892; x_wconf 83' lang='lat' dir='ltr'>atque</span> <span class='ocrx_word' id='word_1_42' title='bbox 1207 791 1243 864; x_wconf 96' lang='lat' dir='ltr'>in</span> 
     </span>
     <span class='ocr_line' id='line_1_6' title="bbox 139 884 786 989; baseline 0.003 -28"><span class='ocrx_word' id='word_1_43' title='bbox 139 889 263 989; x_wconf 79' lang='lat' dir='ltr'>quavis</span> <span class='ocrx_word' id='word_1_44' title='bbox 289 888 460 961; x_wconf 90' lang='lat' dir='ltr'>indirecta</span> <span class='ocrx_word' id='word_1_45' title='bbox 488 884 786 989; x_wconf 71' lang='lat' dir='ltr'>interrogatione.</span> 
     </span>
     <span class='ocr_line' id='line_1_7' title="bbox 240 988 1243 1089; baseline 0.005 -25"><span class='ocrx_word' id='word_1_46' title='bbox 240 988 316 1064; x_wconf 84' lang='lat' dir='ltr'>sed</span> <span class='ocrx_word' id='word_1_47' title='bbox 346 990 405 1063; x_wconf 90' lang='lat' dir='ltr'>hic</span> <span class='ocrx_word' id='word_1_48' title='bbox 437 991 538 1064; x_wconf 90' lang='lat' dir='ltr'>locus</span> <span class='ocrx_word' id='word_1_49' title='bbox 569 991 746 1089; x_wconf 89' lang='lat' dir='ltr'>postulat,</span> <span class='ocrx_word' id='word_1_50' title='bbox 785 1001 824 1062; x_wconf 87' lang='lat' dir='ltr'>ut</span> <span class='ocrx_word' id='word_1_51' title='bbox 848 991 949 1063; x_wconf 75' lang='lat' dir='ltr'>verbi</span> <span class='ocrx_word' id='word_1_52' title='bbox 974 997 1088 1066; x_wconf 84' lang='lat' dir='ltr'>nescio</span> <span class='ocrx_word' id='word_1_53' title='bbox 1114 1021 1162 1066; x_wconf 79' lang='lat' dir='ltr'>aar</span> <span class='ocrx_word' id='word_1_54' title='bbox 1187 995 1243 1069; x_wconf 89' lang='lat' dir='ltr'>vel</span> 
     </span>
     <span class='ocr_line' id='line_1_8' title="bbox 138 1093 1244 1187; baseline 0.007 -25"><span class='ocrx_word' id='word_1_55' title='bbox 138 1093 237 1163; x_wconf 72' lang='lat' dir='ltr'>troad</span> <span class='ocrx_word' id='word_1_56' title='bbox 274 1096 345 1166; x_wconf 82' lang='lat' dir='ltr'>scio</span> <span class='ocrx_word' id='word_1_57' title='bbox 388 1120 436 1164; x_wconf 81' lang='lat' dir='ltr'>aa</span> <span class='ocrx_word' id='word_1_58' title='bbox 474 1095 702 1166; x_wconf 80' lang='lat' dir='ltr'>concinnitati</span> <span class='ocrx_word' id='word_1_59' title='bbox 742 1096 984 1187; x_wconf 88' lang='lat' dir='ltr'>inservientis,</span> <span class='ocrx_word' id='word_1_60' title='bbox 1028 1096 1244 1169; x_wconf 88' lang='lat' dir='ltr'>rhetoricam</span> 
     </span>
     <span class='ocr_line' id='line_1_9' title="bbox 138 1193 1242 1297; baseline 0.006 -33"><span class='ocrx_word' id='word_1_61' title='bbox 138 1193 314 1292; x_wconf 83' lang='lat' dir='ltr'>quandam</span> <span class='ocrx_word' id='word_1_62' title='bbox 340 1195 633 1294; x_wconf 77' lang='lat' dir='ltr'>significationem</span> <span class='ocrx_word' id='word_1_63' title='bbox 660 1196 763 1268; x_wconf 91' lang='lat' dir='ltr'>altius</span> <span class='ocrx_word' id='word_1_64' title='bbox 794 1208 965 1294; x_wconf 87' lang='lat' dir='ltr'>repetam.</span> <span class='ocrx_word' id='word_1_65' title='bbox 1027 1198 1191 1297; x_wconf 85' lang='lat' dir='ltr'>Namque</span> <span class='ocrx_word' id='word_1_66' title='bbox 1222 1225 1242 1271; x_wconf 93' lang='lat' dir='ltr'>a</span> 
     </span>
     <span class='ocr_line' id='line_1_10' title="bbox 138 1298 1241 1398; baseline 0.007 -33"><span class='ocrx_word' id='word_1_67' title='bbox 138 1322 222 1368; x_wconf 88' lang='lat' dir='ltr'>vera</span> <span class='ocrx_word' id='word_1_68' title='bbox 254 1299 438 1370; x_wconf 81' lang='lat' dir='ltr'>inscientia</span> <span class='ocrx_word' id='word_1_69' title='bbox 471 1300 530 1391; x_wconf 85' lang='lat' dir='ltr'>vel</span> <span class='ocrx_word' id='word_1_70' title='bbox 562 1298 802 1392; x_wconf 86' lang='lat' dir='ltr'>dubitatione,</span> <span class='ocrx_word' id='word_1_71' title='bbox 857 1325 961 1398; x_wconf 87' lang='lat' dir='ltr'>quam</span> <span class='ocrx_word' id='word_1_72' title='bbox 996 1299 1065 1373; x_wconf 91' lang='lat' dir='ltr'>hoc</span> <span class='ocrx_word' id='word_1_73' title='bbox 1092 1301 1241 1373; x_wconf 85' lang='lat' dir='ltr'>verbum</span> 
     </span>
     <span class='ocr_line' id='line_1_11' title="bbox 85 1400 1241 1503; baseline 0.009 -38"><span class='ocrx_word' id='word_1_74' title='bbox 85 1456 89 1465; x_wconf 95' lang='lat'>.</span> <span class='ocrx_word' id='word_1_75' title='bbox 117 1401 281 1496; x_wconf 85' lang='lat' dir='ltr'>¹proprie</span> <span class='ocrx_word' id='word_1_76' title='bbox 307 1400 503 1499; x_wconf 75' lang='lat' dir='ltr'>siguificat,</span> <span class='ocrx_word' id='word_1_77' title='bbox 537 1401 784 1502; x_wconf 73' lang='lat' dir='ltr'>distinguenda</span> <span class='ocrx_word' id='word_1_78' title='bbox 809 1410 864 1474; x_wconf 90' lang='lat' dir='ltr'>est</span> <span class='ocrx_word' id='word_1_79' title='bbox 890 1400 1050 1474; x_wconf 88' lang='lat' dir='ltr'>simulata</span> <span class='ocrx_word' id='word_1_80' title='bbox 1075 1405 1241 1503; x_wconf 77' lang='lat' dir='ltr'>ignoran-</span> 
     </span>
     <span class='ocr_line' id='line_1_12' title="bbox 135 1501 1239 1602; baseline 0.005 -30"><span class='ocrx_word' id='word_1_81' title='bbox 135 1503 186 1572; x_wconf 85' lang='lat' dir='ltr'>tia</span> <span class='ocrx_word' id='word_1_82' title='bbox 207 1502 265 1574; x_wconf 87' lang='lat' dir='ltr'>vel</span> <span class='ocrx_word' id='word_1_83' title='bbox 287 1501 472 1595; x_wconf 87' lang='lat' dir='ltr'>dubitatio,</span> <span class='ocrx_word' id='word_1_84' title='bbox 501 1530 605 1602; x_wconf 91' lang='lat' dir='ltr'>quam</span> <span class='ocrx_word' id='word_1_85' title='bbox 627 1504 720 1601; x_wconf 90' lang='lat' dir='ltr'>apud</span> <span class='ocrx_word' id='word_1_86' title='bbox 742 1506 893 1577; x_wconf 83' lang='lat' dir='ltr'>Terent.</span> <span class='ocrx_word' id='word_1_87' title='bbox 911 1505 1007 1575; x_wconf 82' lang='lat' dir='ltr'>Eun.</span> <span class='ocrx_word' id='word_1_88' title='bbox 1021 1504 1090 1599; x_wconf 82' lang='lat' dir='ltr'>IV,</span> <span class='ocrx_word' id='word_1_89' title='bbox 1108 1506 1150 1598; x_wconf 80' lang='lat' dir='ltr'>d,</span> <span class='ocrx_word' id='word_1_90' title='bbox 1168 1504 1239 1577; x_wconf 72' lang='lat' dir='ltr'>lid.</span> 
     </span>
     <span class='ocr_line' id='line_1_13' title="bbox 135 1603 1240 1706; baseline 0.005 -32"><span class='ocrx_word' id='word_1_91' title='bbox 135 1603 269 1676; x_wconf 83' lang='lat' dir='ltr'>Dorias</span> <span class='ocrx_word' id='word_1_92' title='bbox 293 1605 419 1677; x_wconf 86' lang='lat' dir='ltr'>callide</span> <span class='ocrx_word' id='word_1_93' title='bbox 440 1606 498 1677; x_wconf 93' lang='lat' dir='ltr'>his</span> <span class='ocrx_word' id='word_1_94' title='bbox 523 1606 642 1678; x_wconf 73' lang='lat' dir='ltr'>verbis</span> <span class='ocrx_word' id='word_1_95' title='bbox 664 1606 851 1705; x_wconf 87' lang='lat' dir='ltr'>praecipit.</span> <span class='ocrx_word' id='word_1_96' title='bbox 908 1606 964 1678; x_wconf 84' lang='lat' dir='ltr'>Tu</span> <span class='ocrx_word' id='word_1_97' title='bbox 982 1606 1060 1704; x_wconf 82' lang='lat' dir='ltr'>pol,</span> <span class='ocrx_word' id='word_1_98' title='bbox 1088 1610 1121 1679; x_wconf 88' lang='lat' dir='ltr'>si</span> <span class='ocrx_word' id='word_1_99' title='bbox 1132 1611 1240 1706; x_wconf 70' lang='lat' dir='ltr'>sopri,</span> 
     </span>
     <span class='ocr_line' id='line_1_14' title="bbox 135 1703 1241 1806; baseline 0.006 -30"><span class='ocrx_word' id='word_1_100' title='bbox 135 1708 232 1805; x_wconf 82' lang='lat' dir='ltr'>quod</span> <span class='ocrx_word' id='word_1_101' title='bbox 245 1710 313 1779; x_wconf 81' lang='lat' dir='ltr'>acia</span> <span class='ocrx_word' id='word_1_102' title='bbox 329 1710 454 1779; x_wconf 68' lang='lat' dir='ltr'>nescia</span> <span class='ocrx_word' id='word_1_103' title='bbox 471 1706 525 1800; x_wconf 88' lang='lat' dir='ltr'>(h.</span> <span class='ocrx_word' id='word_1_104' title='bbox 544 1732 578 1779; x_wconf 93' lang='lat' dir='ltr'>e.</span> <span class='ocrx_word' id='word_1_105' title='bbox 593 1718 629 1780; x_wconf 88' lang='lat' dir='ltr'>te</span> <span class='ocrx_word' id='word_1_106' title='bbox 644 1708 782 1781; x_wconf 90' lang='lat' dir='ltr'>nescire</span> <span class='ocrx_word' id='word_1_107' title='bbox 800 1704 957 1802; x_wconf 84' lang='lat' dir='ltr'>simulas)</span> <span class='ocrx_word' id='word_1_108' title='bbox 972 1718 1008 1779; x_wconf 91' lang='lat' dir='ltr'>ct</span> <span class='ocrx_word' id='word_1_109' title='bbox 1019 1703 1180 1806; x_wconf 78' lang='lat' dir='ltr'>Adelph.</span> <span class='ocrx_word' id='word_1_110' title='bbox 1190 1710 1241 1799; x_wconf 83' lang='lat' dir='ltr'>V,</span> 
     </span>
     <span class='ocr_line' id='line_1_15' title="bbox 134 1800 1243 1907; baseline 0.002 -27"><span class='ocrx_word' id='word_1_111' title='bbox 134 1805 179 1899; x_wconf 73' lang='lat' dir='ltr'>d,</span> <span class='ocrx_word' id='word_1_112' title='bbox 196 1806 238 1880; x_wconf 79' lang='grc'>5.</span> <span class='ocrx_word' id='word_1_113' title='bbox 258 1834 303 1879; x_wconf 90' lang='lat' dir='ltr'>ne</span> <span class='ocrx_word' id='word_1_114' title='bbox 322 1810 400 1906; x_wconf 91' lang='lat' dir='ltr'>quis</span> <span class='ocrx_word' id='word_1_115' title='bbox 416 1808 501 1906; x_wconf 86' lang='lat' dir='ltr'>quid</span> <span class='ocrx_word' id='word_1_116' title='bbox 517 1800 649 1882; x_wconf 81' lang='lat' dir='ltr'>temere</span> <span class='ocrx_word' id='word_1_117' title='bbox 667 1836 733 1906; x_wconf 90' lang='lat' dir='ltr'>pro</span> <span class='ocrx_word' id='word_1_118' title='bbox 750 1807 933 1907; x_wconf 81' lang='lat' dir='ltr'>explorato</span> <span class='ocrx_word' id='word_1_119' title='bbox 953 1808 1095 1905; x_wconf 84' lang='lat' dir='ltr'>habeat,</span> <span class='ocrx_word' id='word_1_120' title='bbox 1122 1821 1243 1883; x_wconf 91' lang='lat' dir='ltr'>monet</span> 
     </span>
     <span class='ocr_line' id='line_1_16' title="bbox 133 1908 1242 2012; baseline 0.005 -30"><span class='ocrx_word' id='word_1_121' title='bbox 133 1908 254 1983; x_wconf 86' lang='lat' dir='ltr'>Dem.</span> <span class='ocrx_word' id='word_1_122' title='bbox 289 1909 493 2011; x_wconf 80' lang='lat' dir='ltr'>Numquam</span> <span class='ocrx_word' id='word_1_123' title='bbox 521 1913 572 1983; x_wconf 85' lang='lat' dir='ltr'>ita</span> <span class='ocrx_word' id='word_1_124' title='bbox 595 1915 776 2012; x_wconf 70' lang='lat' dir='ltr'>qaisquam</span> <span class='ocrx_word' id='word_1_125' title='bbox 802 1914 887 1983; x_wconf 85' lang='lat' dir='ltr'>bene</span> <span class='ocrx_word' id='word_1_126' title='bbox 910 1914 1080 1985; x_wconf 80' lang='lat' dir='ltr'>subducta</span> <span class='ocrx_word' id='word_1_127' title='bbox 1106 1916 1242 1987; x_wconf 82' lang='lat' dir='ltr'>ratr’oae</span> 
     </span>
     <span class='ocr_line' id='line_1_17' title="bbox 113 2008 1004 2115; baseline 0.004 -32"><span class='ocrx_word' id='word_1_128' title='bbox 113 2064 133 2113; x_wconf 55' lang='grc' dir='ltr'>Ι</span> <span class='ocrx_word' id='word_1_129' title='bbox 184 2049 188 2063; x_wconf 87' lang='grc'><em>·</em></span> <span class='ocrx_word' id='word_1_130' title='bbox 492 2008 495 2013; x_wconf 59' lang='grc'><strong>’</strong></span> <span class='ocrx_word' id='word_1_131' title='bbox 671 2092 674 2098; x_wconf 53' lang='grc'><em>,</em></span> <span class='ocrx_word' id='word_1_132' title='bbox 717 2016 767 2085; x_wconf 83' lang='lat' dir='ltr'>ad</span> <span class='ocrx_word' id='word_1_133' title='bbox 784 2015 891 2085; x_wconf 83' lang='lat' dir='ltr'>vitam</span> <span class='ocrx_word' id='word_1_134' title='bbox 907 2013 1004 2115; x_wconf 80' lang='lat' dir='ltr'>suat,</span> 
     </span>
     <span class='ocr_line' id='line_1_18' title="bbox 289 2113 1241 2216; baseline 0.005 -31"><span class='ocrx_word' id='word_1_135' title='bbox 289 2113 383 2210; x_wconf 81' lang='lat' dir='ltr'>Quin</span> <span class='ocrx_word' id='word_1_136' title='bbox 410 2142 485 2207; x_wconf 85' lang='lat' dir='ltr'>res,</span> <span class='ocrx_word' id='word_1_137' title='bbox 518 2127 633 2208; x_wconf 83' lang='lat' dir='ltr'>oetas,</span> <span class='ocrx_word' id='word_1_138' title='bbox 662 2143 743 2187; x_wconf 77' lang='lat' dir='ltr'>ants</span> <span class='ocrx_word' id='word_1_139' title='bbox 765 2140 901 2214; x_wconf 77' lang='lat' dir='ltr'>seneper</span> <span class='ocrx_word' id='word_1_140' title='bbox 921 2117 1058 2216; x_wconf 76' lang='lat' dir='ltr'>aliquid</span> <span class='ocrx_word' id='word_1_141' title='bbox 1079 2119 1241 2215; x_wconf 78' lang='lat' dir='ltr'>adportet</span> 
     </span>
     <span class='ocr_line' id='line_1_19' title="bbox 714 2245 825 2290; baseline -0.036 0"><span class='ocrx_word' id='word_1_142' title='bbox 714 2245 825 2290; x_wconf 54' lang='lat' dir='ltr'>novat</span> 
     </span>
     <span class='ocr_line' id='line_1_20' title="bbox 282 2271 1237 2421; baseline 0.003 -33"><span class='ocrx_word' id='word_1_143' title='bbox 282 2312 433 2418; x_wconf 80' lang='lat' dir='ltr'>Aliquid</span> <span class='ocrx_word' id='word_1_144' title='bbox 455 2332 594 2415; x_wconf 72' lang='lat' dir='ltr'>moneat</span> <span class='ocrx_word' id='word_1_145' title='bbox 600 2348 613 2414; x_wconf 78' lang='lat'><em>3</em></span> <span class='ocrx_word' id='word_1_146' title='bbox 641 2330 681 2397; x_wconf 80' lang='lat' dir='ltr'>ut</span> <span class='ocrx_word' id='word_1_147' title='bbox 706 2271 910 2421; x_wconf 66' lang='lat' dir='ltr'>illa,⁷quae</span> <span class='ocrx_word' id='word_1_148' title='bbox 935 2331 969 2394; x_wconf 87' lang='lat' dir='ltr'>te</span> <span class='ocrx_word' id='word_1_149' title='bbox 989 2323 1078 2394; x_wconf 77' lang='lat' dir='ltr'>acite</span> <span class='ocrx_word' id='word_1_150' title='bbox 1099 2323 1237 2410; x_wconf 86' lang='lat' dir='ltr'>credas,</span> 
     </span>
     <span class='ocr_line' id='line_1_21' title="bbox 711 2449 855 2496; baseline 0.014 -3"><span class='ocrx_word' id='word_1_151' title='bbox 711 2449 855 2496; x_wconf 74' lang='lat' dir='ltr'>nescias.</span> 
     </span>
     <span class='ocr_line' id='line_1_22' title="bbox 129 2519 1237 2615; baseline 0 -21"><span class='ocrx_word' id='word_1_152' title='bbox 129 2519 307 2594; x_wconf 82' lang='lat' dir='ltr'>Nimirum</span> <span class='ocrx_word' id='word_1_153' title='bbox 331 2520 539 2596; x_wconf 86' lang='lat' dir='ltr'>urbanitatis</span> <span class='ocrx_word' id='word_1_154' title='bbox 566 2533 621 2595; x_wconf 89' lang='lat' dir='ltr'>est</span> <span class='ocrx_word' id='word_1_155' title='bbox 646 2524 684 2594; x_wconf 92' lang='lat' dir='ltr'>in</span> <span class='ocrx_word' id='word_1_156' title='bbox 709 2550 871 2598; x_wconf 87' lang='lat' dir='ltr'>sermone</span> <span class='ocrx_word' id='word_1_157' title='bbox 905 2522 1070 2595; x_wconf 77' lang='lat' dir='ltr'>familiari</span> <span class='ocrx_word' id='word_1_158' title='bbox 1096 2546 1237 2615; x_wconf 88' lang='lat' dir='ltr'>cavere,</span> 
     </span>
     <span class='ocr_line' id='line_1_23' title="bbox 124 2620 1240 2720; baseline 0.002 -27"><span class='ocrx_word' id='word_1_159' title='bbox 124 2648 179 2694; x_wconf 90' lang='lat' dir='ltr'>ne</span> <span class='ocrx_word' id='word_1_160' title='bbox 204 2620 249 2693; x_wconf 91' lang='lat' dir='ltr'>ad</span> <span class='ocrx_word' id='word_1_161' title='bbox 273 2650 392 2696; x_wconf 89' lang='lat' dir='ltr'>rerum</span> <span class='ocrx_word' id='word_1_162' title='bbox 416 2625 593 2697; x_wconf 87' lang='lat' dir='ltr'>tristitiam</span> <span class='ocrx_word' id='word_1_163' title='bbox 618 2625 765 2698; x_wconf 87' lang='lat' dir='ltr'>accedat</span> <span class='ocrx_word' id='word_1_164' title='bbox 789 2629 895 2699; x_wconf 90' lang='lat' dir='ltr'>etiam</span> <span class='ocrx_word' id='word_1_165' title='bbox 924 2625 1045 2697; x_wconf 91' lang='lat' dir='ltr'>iudicii</span> <span class='ocrx_word' id='word_1_166' title='bbox 1066 2621 1240 2720; x_wconf 82' lang='lat' dir='ltr'>explorati</span> 
     </span>
     <span class='ocr_line' id='line_1_24' title="bbox 131 2726 1238 2824; baseline 0.002 -28"><span class='ocrx_word' id='word_1_167' title='bbox 131 2734 321 2823; x_wconf 86' lang='lat' dir='ltr'>certaeque</span> <span class='ocrx_word' id='word_1_168' title='bbox 348 2729 542 2800; x_wconf 89' lang='lat' dir='ltr'>sententiae</span> <span class='ocrx_word' id='word_1_169' title='bbox 568 2726 749 2820; x_wconf 88' lang='lat' dir='ltr'>molestia,</span> <span class='ocrx_word' id='word_1_170' title='bbox 790 2727 855 2800; x_wconf 90' lang='lat' dir='ltr'>sed</span> <span class='ocrx_word' id='word_1_171' title='bbox 879 2737 919 2799; x_wconf 88' lang='lat' dir='ltr'>ut</span> <span class='ocrx_word' id='word_1_172' title='bbox 942 2752 1008 2824; x_wconf 89' lang='lat' dir='ltr'>per</span> <span class='ocrx_word' id='word_1_173' title='bbox 1032 2727 1238 2798; x_wconf 88' lang='lat' dir='ltr'>inscientiae</span> 
     </span>
     <span class='ocr_line' id='line_1_25' title="bbox 130 2826 1239 2926; baseline 0.003 -28"><span class='ocrx_word' id='word_1_174' title='bbox 130 2829 288 2924; x_wconf 91' lang='lat' dir='ltr'>speciem</span> <span class='ocrx_word' id='word_1_175' title='bbox 308 2828 367 2901; x_wconf 86' lang='lat' dir='ltr'>vel</span> <span class='ocrx_word' id='word_1_176' title='bbox 388 2829 564 2926; x_wconf 88' lang='lat' dir='ltr'>quandam</span> <span class='ocrx_word' id='word_1_177' title='bbox 589 2826 772 2901; x_wconf 92' lang='lat' dir='ltr'>nesciendi</span> <span class='ocrx_word' id='word_1_178' title='bbox 793 2828 973 2903; x_wconf 88' lang='lat' dir='ltr'>lenitatem</span> <span class='ocrx_word' id='word_1_179' title='bbox 992 2830 1046 2902; x_wconf 92' lang='lat' dir='ltr'>rei</span> <span class='ocrx_word' id='word_1_180' title='bbox 1068 2826 1239 2901; x_wconf 88' lang='lat' dir='ltr'>dicendae</span> 
     </span>
     <span class='ocr_line' id='line_1_26' title="bbox 130 2928 1238 3033; baseline 0.002 -33"><span class='ocrx_word' id='word_1_181' title='bbox 130 2928 306 3002; x_wconf 84' lang='lat' dir='ltr'>acerbitas</span> <span class='ocrx_word' id='word_1_182' title='bbox 323 2930 583 3030; x_wconf 90' lang='lat' dir='ltr'>quodammodo</span> <span class='ocrx_word' id='word_1_183' title='bbox 600 2933 794 3033; x_wconf 75' lang='lat' dir='ltr'>mitigetur.</span> <span class='ocrx_word' id='word_1_184' title='bbox 846 2932 940 3005; x_wconf 86' lang='lat' dir='ltr'>Nam</span> <span class='ocrx_word' id='word_1_185' title='bbox 957 2957 1037 3005; x_wconf 88' lang='lat' dir='ltr'>cum</span> <span class='ocrx_word' id='word_1_186' title='bbox 1053 2929 1139 3028; x_wconf 90' lang='lat' dir='ltr'>quid</span> <span class='ocrx_word' id='word_1_187' title='bbox 1153 2956 1238 3005; x_wconf 87' lang='lat' dir='ltr'>vere</span> 
     </span>
     <span class='ocr_line' id='line_1_27' title="bbox 129 3029 1239 3132; baseline 0.002 -30"><span class='ocrx_word' id='word_1_188' title='bbox 129 3043 169 3104; x_wconf 90' lang='lat' dir='ltr'>te</span> <span class='ocrx_word' id='word_1_189' title='bbox 187 3035 340 3127; x_wconf 88' lang='lat' dir='ltr'>nescire,</span> <span class='ocrx_word' id='word_1_190' title='bbox 369 3033 407 3106; x_wconf 94' lang='lat' dir='ltr'>h.</span> <span class='ocrx_word' id='word_1_191' title='bbox 424 3060 458 3107; x_wconf 94' lang='lat' dir='ltr'>e.</span> <span class='ocrx_word' id='word_1_192' title='bbox 476 3035 651 3108; x_wconf 86' lang='lat' dir='ltr'>nonsatis</span> <span class='ocrx_word' id='word_1_193' title='bbox 670 3036 761 3108; x_wconf 92' lang='lat' dir='ltr'>scire</span> <span class='ocrx_word' id='word_1_194' title='bbox 779 3034 888 3132; x_wconf 69' lang='lat' dir='ltr'>dicis,</span> <span class='ocrx_word' id='word_1_195' title='bbox 915 3046 977 3107; x_wconf 90' lang='lat' dir='ltr'>ant</span> <span class='ocrx_word' id='word_1_196' title='bbox 991 3029 1124 3126; x_wconf 77' lang='lat' dir='ltr'>n‘escis,</span> <span class='ocrx_word' id='word_1_197' title='bbox 1152 3032 1239 3132; x_wconf 84' lang='lat' dir='ltr'>quid</span> 
     </span>
     <span class='ocr_line' id='line_1_28' title="bbox 131 3134 1235 3236; baseline 0.001 -30"><span class='ocrx_word' id='word_1_198' title='bbox 131 3135 354 3208; x_wconf 87' lang='lat' dir='ltr'>statuendum</span> <span class='ocrx_word' id='word_1_199' title='bbox 377 3137 436 3229; x_wconf 90' lang='lat' dir='ltr'>sit,</span> <span class='ocrx_word' id='word_1_200' title='bbox 464 3162 537 3209; x_wconf 88' lang='lat' dir='ltr'>nou</span> <span class='ocrx_word' id='word_1_201' title='bbox 553 3135 683 3212; x_wconf 87' lang='lat' dir='ltr'>Cicero</span> <span class='ocrx_word' id='word_1_202' title='bbox 702 3139 858 3236; x_wconf 86' lang='lat' dir='ltr'>scripsit,</span> <span class='ocrx_word' id='word_1_203' title='bbox 886 3134 951 3212; x_wconf 92' lang='lat' dir='ltr'>sed</span> <span class='ocrx_word' id='word_1_204' title='bbox 971 3137 1111 3221; x_wconf 86' lang='lat' dir='ltr'>Plinius</span> <span class='ocrx_word' id='word_1_205' title='bbox 1130 3136 1235 3233; x_wconf 87' lang='lat' dir='ltr'>epist.</span> 
     </span>
     <span class='ocr_line' id='line_1_29' title="bbox 129 3235 1239 3341; baseline 0 -31"><span class='ocrx_word' id='word_1_206' title='bbox 129 3236 201 3330; x_wconf 80' lang='lat' dir='ltr'>Vl,</span> <span class='ocrx_word' id='word_1_207' title='bbox 219 3235 286 3331; x_wconf 77' lang='lat'>21,</span> <span class='ocrx_word' id='word_1_208' title='bbox 305 3237 345 3309; x_wconf 78' lang='lat'>5.</span> <span class='ocrx_word' id='word_1_209' title='bbox 373 3239 503 3312; x_wconf 81' lang='lat' dir='ltr'>Nescio</span> <span class='ocrx_word' id='word_1_210' title='bbox 522 3267 569 3311; x_wconf 82' lang='lat' dir='ltr'>aa</span> <span class='ocrx_word' id='word_1_211' title='bbox 591 3243 687 3313; x_wconf 75' lang='lat' dir='ltr'>notia</span> <span class='ocrx_word' id='word_1_212' title='bbox 702 3242 888 3333; x_wconf 82' lang='lat' dir='ltr'>bominem,</span> <span class='ocrx_word' id='word_1_213' title='bbox 910 3265 1119 3341; x_wconf 79' lang='lat' dir='ltr'>quamquam</span> <span class='ocrx_word' id='word_1_214' title='bbox 1139 3263 1239 3310; x_wconf 79' lang='lat' dir='ltr'>nosse</span> 
     </span>
     <span class='ocr_line' id='line_1_30' title="bbox 131 3341 1242 3445; baseline 0.002 -35"><span class='ocrx_word' id='word_1_215' title='bbox 131 3341 249 3432; x_wconf 84' lang='lat' dir='ltr'>debes,</span> <span class='ocrx_word' id='word_1_216' title='bbox 275 3345 356 3437; x_wconf 90' lang='lat' dir='ltr'>(pro</span> <span class='ocrx_word' id='word_1_217' title='bbox 374 3341 525 3441; x_wconf 77' lang='lat' dir='ltr'>sortasse</span> <span class='ocrx_word' id='word_1_218' title='bbox 548 3369 592 3415; x_wconf 83' lang='lat' dir='ltr'>ae</span> <span class='ocrx_word' id='word_1_219' title='bbox 617 3346 709 3416; x_wconf 81' lang='lat' dir='ltr'>noeti</span> <span class='ocrx_word' id='word_1_220' title='bbox 725 3347 864 3445; x_wconf 80' lang='lat' dir='ltr'>quidem</span> <span class='ocrx_word' id='word_1_221' title='bbox 883 3344 1074 3436; x_wconf 77' lang='lat' dir='ltr'>bontiaem3</span> <span class='ocrx_word' id='word_1_222' title='bbox 1104 3341 1242 3414; x_wconf 72' lang='lat' dir='ltr'>tameat</span> 
     </span>
     <span class='ocr_line' id='line_1_31' title="bbox 126 3438 1237 3542; baseline -0.001 -29"><span class='ocrx_word' id='word_1_223' title='bbox 126 3453 229 3539; x_wconf 80' lang='lat' dir='ltr'>potes</span> <span class='ocrx_word' id='word_1_224' title='bbox 256 3469 375 3541; x_wconf 75' lang='lat' dir='ltr'>norae,</span> <span class='ocrx_word' id='word_1_225' title='bbox 411 3445 442 3519; x_wconf 87' lang='lat' dir='ltr'>si</span> <span class='ocrx_word' id='word_1_226' title='bbox 467 3469 652 3542; x_wconf 83' lang='lat' dir='ltr'>comparas</span> <span class='ocrx_word' id='word_1_227' title='bbox 677 3443 757 3520; x_wconf 88' lang='lat' dir='ltr'>Cic.</span> <span class='ocrx_word' id='word_1_228' title='bbox 787 3443 833 3520; x_wconf 94' lang='lat' dir='ltr'>ad</span> <span class='ocrx_word' id='word_1_229' title='bbox 857 3439 939 3518; x_wconf 76' lang='lat' dir='ltr'>Aa.</span> <span class='ocrx_word' id='word_1_230' title='bbox 964 3443 999 3537; x_wconf 95' lang='lat' dir='ltr'>l,</span> <span class='ocrx_word' id='word_1_231' title='bbox 1027 3440 1095 3535; x_wconf 81' lang='lat'>18,</span> <span class='ocrx_word' id='word_1_232' title='bbox 1122 3438 1237 3534; x_wconf 89' lang='lat' dir='ltr'>med.)</span> 
     </span>
    </p>
   </div>
   <div class='ocr_carea' id='block_1_3' title="bbox 217 3683 1238 4364">
    <p class='ocr_par' dir='ltr' id='par_1_3' title="bbox 217 3683 1238 4364">
     <span class='ocr_line' id='line_1_32' title="bbox 218 3683 1237 3763; baseline -0.002 -22"><span class='ocrx_word' id='word_1_233' title='bbox 218 3684 276 3742; x_wconf 85' lang='lat' dir='ltr'>iam</span> <span class='ocrx_word' id='word_1_234' title='bbox 297 3683 459 3760; x_wconf 79' lang='lat' dir='ltr'>philosophi</span> <span class='ocrx_word' id='word_1_235' title='bbox 478 3697 657 3763; x_wconf 87' lang='lat' dir='ltr'>putarentur.</span> <span class='ocrx_word' id='word_1_236' title='bbox 701 3688 793 3754; x_wconf 75' lang='lat' dir='ltr'>Quam</span> <span class='ocrx_word' id='word_1_237' title='bbox 806 3686 946 3743; x_wconf 86' lang='lat' dir='ltr'>rationem</span> <span class='ocrx_word' id='word_1_238' title='bbox 960 3699 1043 3738; x_wconf 74' lang='lat' dir='ltr'>nenio</span> <span class='ocrx_word' id='word_1_239' title='bbox 1061 3698 1119 3738; x_wconf 88' lang='lat' dir='ltr'>non</span> <span class='ocrx_word' id='word_1_240' title='bbox 1132 3683 1237 3740; x_wconf 84' lang='lat' dir='ltr'>sentiet</span> 
     </span>
     <span class='ocr_line' id='line_1_33' title="bbox 219 3765 1237 3857; baseline -0.001 -33"><span class='ocrx_word' id='word_1_241' title='bbox 219 3788 279 3825; x_wconf 80' lang='lat' dir='ltr'>este</span> <span class='ocrx_word' id='word_1_242' title='bbox 301 3779 330 3827; x_wconf 86' lang='lat' dir='ltr'>et</span> <span class='ocrx_word' id='word_1_243' title='bbox 350 3770 508 3829; x_wconf 83' lang='lat' dir='ltr'>faciliorem</span> <span class='ocrx_word' id='word_1_244' title='bbox 529 3784 558 3830; x_wconf 89' lang='lat' dir='ltr'>et</span> <span class='ocrx_word' id='word_1_245' title='bbox 580 3791 616 3828; x_wconf 85' lang='lat' dir='ltr'>ex</span> <span class='ocrx_word' id='word_1_246' title='bbox 637 3775 700 3848; x_wconf 87' lang='lat' dir='ltr'>ipsa</span> <span class='ocrx_word' id='word_1_247' title='bbox 720 3770 854 3829; x_wconf 85' lang='lat' dir='ltr'>vocabuli</span> <span class='ocrx_word' id='word_1_248' title='bbox 875 3766 947 3857; x_wconf 75' lang='lat' dir='ltr'>eali,</span> <span class='ocrx_word' id='word_1_249' title='bbox 977 3766 1052 3842; x_wconf 90' lang='lat' dir='ltr'>quod</span> <span class='ocrx_word' id='word_1_250' title='bbox 1074 3784 1162 3823; x_wconf 88' lang='lat' dir='ltr'>unum</span> <span class='ocrx_word' id='word_1_251' title='bbox 1182 3765 1237 3824; x_wconf 92' lang='lat' dir='ltr'>hoc</span> 
     </span>
     <span class='ocr_line' id='line_1_34' title="bbox 217 3849 1235 3932; baseline -0.001 -21"><span class='ocrx_word' id='word_1_252' title='bbox 217 3857 282 3913; x_wconf 91' lang='lat' dir='ltr'>loco</span> <span class='ocrx_word' id='word_1_253' title='bbox 303 3857 444 3930; x_wconf 83' lang='lat' dir='ltr'>interpres</span> <span class='ocrx_word' id='word_1_254' title='bbox 465 3867 562 3914; x_wconf 85' lang='lat' dir='ltr'>tenere</span> <span class='ocrx_word' id='word_1_255' title='bbox 583 3857 680 3929; x_wconf 86' lang='lat' dir='ltr'>debet,</span> <span class='ocrx_word' id='word_1_256' title='bbox 703 3856 881 3931; x_wconf 89' lang='lat' dir='ltr'>oppositione</span> <span class='ocrx_word' id='word_1_257' title='bbox 903 3853 1028 3910; x_wconf 89' lang='lat' dir='ltr'>ductum.</span> <span class='ocrx_word' id='word_1_258' title='bbox 1058 3850 1116 3932; x_wconf 87' lang='lat' dir='ltr'>[cf.</span> <span class='ocrx_word' id='word_1_259' title='bbox 1138 3849 1235 3910; x_wconf 88' lang='lat' dir='ltr'>Han-</span> 
     </span>
     <span class='ocr_line' id='line_1_35' title="bbox 219 3936 1238 4016; baseline -0.001 -21"><span class='ocrx_word' id='word_1_260' title='bbox 219 3940 274 3997; x_wconf 89' lang='lat' dir='ltr'>dii</span> <span class='ocrx_word' id='word_1_261' title='bbox 296 3939 419 3999; x_wconf 86' lang='lat' dir='ltr'>Turseli.</span> <span class='ocrx_word' id='word_1_262' title='bbox 432 3941 454 3998; x_wconf 94' lang='lat' dir='ltr'>l.</span> <span class='ocrx_word' id='word_1_263' title='bbox 476 3960 504 4016; x_wconf 87' lang='lat' dir='ltr'>p.</span> <span class='ocrx_word' id='word_1_264' title='bbox 518 3944 590 4002; x_wconf 79' lang='lat'>320.</span> <span class='ocrx_word' id='word_1_265' title='bbox 613 3943 685 4012; x_wconf 85' lang='lat' dir='ltr'>„lite</span> <span class='ocrx_word' id='word_1_266' title='bbox 697 3960 764 4001; x_wconf 85' lang='lat' dir='ltr'>vero</span> <span class='ocrx_word' id='word_1_267' title='bbox 778 3940 990 4010; x_wconf 80' lang='lat' dir='ltr'>coniunctivae,</span> <span class='ocrx_word' id='word_1_268' title='bbox 1012 3941 1062 4013; x_wconf 87' lang='lat' dir='ltr'>qni</span> <span class='ocrx_word' id='word_1_269' title='bbox 1076 3940 1140 4012; x_wconf 80' lang='lat' dir='ltr'>post</span> <span class='ocrx_word' id='word_1_270' title='bbox 1155 3936 1238 3995; x_wconf 83' lang='lat' dir='ltr'>baad</span> 
     </span>
     <span class='ocr_line' id='line_1_36' title="bbox 218 4025 1236 4101; baseline -0.004 -17"><span class='ocrx_word' id='word_1_271' title='bbox 218 4027 279 4084; x_wconf 85' lang='lat' dir='ltr'>acio</span> <span class='ocrx_word' id='word_1_272' title='bbox 302 4046 342 4084; x_wconf 82' lang='lat' dir='ltr'>aa</span> <span class='ocrx_word' id='word_1_273' title='bbox 364 4039 393 4084; x_wconf 87' lang='lat' dir='ltr'>et</span> <span class='ocrx_word' id='word_1_274' title='bbox 415 4032 512 4086; x_wconf 78' lang='lat' dir='ltr'>neseio</span> <span class='ocrx_word' id='word_1_275' title='bbox 535 4047 576 4085; x_wconf 85' lang='lat' dir='ltr'>aa</span> <span class='ocrx_word' id='word_1_276' title='bbox 597 4031 722 4101; x_wconf 73' lang='lat' dir='ltr'>ponitur,</span> <span class='ocrx_word' id='word_1_277' title='bbox 745 4028 780 4084; x_wconf 86' lang='lat' dir='ltr'>ad</span> <span class='ocrx_word' id='word_1_278' title='bbox 797 4046 858 4084; x_wconf 92' lang='lat' dir='ltr'>eam</span> <span class='ocrx_word' id='word_1_279' title='bbox 874 4026 1015 4084; x_wconf 75' lang='lat' dir='ltr'>rationem</span> <span class='ocrx_word' id='word_1_280' title='bbox 1029 4025 1172 4082; x_wconf 86' lang='lat' dir='ltr'>referatur</span> <span class='ocrx_word' id='word_1_281' title='bbox 1184 4043 1236 4081; x_wconf 84' lang='lat' dir='ltr'>ne·</span> 
     </span>
     <span class='ocr_line' id='line_1_37' title="bbox 218 4110 1235 4190; baseline -0.004 -20"><span class='ocrx_word' id='word_1_282' title='bbox 218 4132 297 4171; x_wconf 88' lang='lat' dir='ltr'>cesse</span> <span class='ocrx_word' id='word_1_283' title='bbox 311 4125 364 4188; x_wconf 87' lang='lat' dir='ltr'>est,</span> <span class='ocrx_word' id='word_1_284' title='bbox 385 4132 471 4190; x_wconf 85' lang='lat' dir='ltr'>quam</span> <span class='ocrx_word' id='word_1_285' title='bbox 485 4116 517 4171; x_wconf 90' lang='lat' dir='ltr'>in</span> <span class='ocrx_word' id='word_1_286' title='bbox 533 4114 664 4171; x_wconf 77' lang='lat' dir='ltr'>omnibus</span> <span class='ocrx_word' id='word_1_287' title='bbox 685 4114 836 4172; x_wconf 87' lang='lat' dir='ltr'>sententiis</span> <span class='ocrx_word' id='word_1_288' title='bbox 857 4128 916 4171; x_wconf 90' lang='lat' dir='ltr'>non</span> <span class='ocrx_word' id='word_1_289' title='bbox 936 4129 997 4168; x_wconf 88' lang='lat' dir='ltr'>rem</span> <span class='ocrx_word' id='word_1_290' title='bbox 1018 4110 1235 4185; x_wconf 79' lang='lat' dir='ltr'>exponentibus.</span> 
     </span>
     <span class='ocr_line' id='line_1_38' title="bbox 218 4195 1235 4280; baseline -0.008 -23"><span class='ocrx_word' id='word_1_291' title='bbox 218 4198 284 4274; x_wconf 81' lang='lat' dir='ltr'>red,</span> <span class='ocrx_word' id='word_1_292' title='bbox 312 4201 487 4280; x_wconf 82' lang='lat' dir='ltr'>cogitatione</span> <span class='ocrx_word' id='word_1_293' title='bbox 507 4199 715 4271; x_wconf 86' lang='lat' dir='ltr'>intercedente,</span> <span class='ocrx_word' id='word_1_294' title='bbox 742 4201 777 4256; x_wconf 89' lang='lat' dir='ltr'>ab</span> <span class='ocrx_word' id='word_1_295' title='bbox 799 4200 887 4258; x_wconf 88' lang='lat' dir='ltr'>animi</span> <span class='ocrx_word' id='word_1_296' title='bbox 908 4197 1027 4258; x_wconf 86' lang='lat' dir='ltr'>notione</span> <span class='ocrx_word' id='word_1_297' title='bbox 1046 4195 1235 4272; x_wconf 78' lang='lat' dir='ltr'>pendentibus</span> 
     </span>
     <span class='ocr_line' id='line_1_39' title="bbox 218 4284 810 4364; baseline -0.002 -21"><span class='ocrx_word' id='word_1_298' title='bbox 218 4287 468 4364; x_wconf 81' lang='lat' dir='ltr'>grammaticorum</span> <span class='ocrx_word' id='word_1_299' title='bbox 489 4285 620 4345; x_wconf 73' lang='lat' dir='ltr'>doctrinm</span> <span class='ocrx_word' id='word_1_300' title='bbox 639 4284 810 4364; x_wconf 84' lang='lat' dir='ltr'>illustrat.“]</span> 
     </span>
    </p>
   </div>
   <div class='ocr_carea' id='block_1_4' title="bbox 0 0 1332 4854">
    <p class='ocr_par' dir='ltr' id='par_1_4' title="bbox 0 0 1332 4854">
     <span class='ocr_line' id='line_1_40' title="bbox 0 0 1332 4854; baseline 0 2"><span class='ocrx_word' id='word_1_301' title='bbox 0 0 1332 4854; x_wconf 95' lang='lat' dir='ltr'> </span> 
     </span>
    </p>
   </div>
  </div>
 </body>
</html>
