2836 4852
151 321 211 382 DE*
228 317 429 383 roaMULA
448 321 595 385 ansolo
614 323 669 384 AN
688 322 769 386 Vnt.
788 324 902 385 Haeo
921 323 1011 386 selo
1029 325 1092 386 ΑΝ.
1142 320 1218 401 δι,

126 500 158 563 ta
185 490 368 564 indefinita
398 495 631 587 pronomina,
673 496 702 564 si
737 486 889 565 formula
919 496 1017 566 laced
1046 496 1117 564 seio
1149 519 1196 563 ue

126 593 288 685 raecedit,
317 596 354 664 in
379 597 476 664 cuins
500 595 776 692 significatione,
807 593 1196 692 quamvis'affirmativa

126 701 219 769 ssim
241 700 359 768 dicere
374 726 417 751 =
432 700 464 766 si
483 710 574 768 reete
597 701 706 781 teritio
721 727 764 752 =
776 699 962 797 forsitan),
992 708 1110 768 tamen
1133 696 1195 766 ali·

126 797 174 869 uid
197 801 325 871 incerti
351 824 391 868 ae
420 798 517 869 dubii
543 798 696 891 residet,
729 800 1087 920 tamquaquuodam
1112 823 1196 894 pro·
1256 800 1257 805 ’

126 898 292 1020 inquitatis
326 902 401 971 iure
437 903 475 971 in
510 927 588 972 sese
624 904 780 999 negativi
815 904 1034 997 pronominis
1068 927 1195 972 munus

126 1004 287 1098 acipiunt
274 999 349 1102 ⁷).
402 1003 457 1073 lta
484 1030 555 1074 non
582 1028 670 1100 opus
698 1016 774 1076 erat
799 1005 917 1077 dicere
939 1005 1038 1076 troad
1055 1007 1126 1076 scio
1148 1012 1195 1074 ιιιι

126 1104 179 1175 itit
206 1105 263 1178 vel
299 1104 391 1175 nibil
422 1108 633 1205 quidquam,
679 1101 775 1204 quod
812 1109 1062 1205 grammaticae
1103 1104 1204 1204 legis

126 1209 253 1279 everitas
282 1210 479 1302 exspectari
510 1207 721 1298 iuberet,
710 1234 760 1283 ιιι
778 1211 822 1279 iis
854 1210 982 1300 loeis,
1006 1211 1067 1307 qui
1080 1205 1195 1304 apud

126 1307 296 1382 liceronem
317 1320 448 1379 tantam
468 1309 753 1403 dissensionem
742 1316 973 1408 interpretum
994 1335 1193 1385 commove·

126 1421 189 1502 m,
215 1439 295 1484 cnm
317 1413 424 1483 totius
447 1396 641 1484 sententiae
665 1415 756 1486 ratio
781 1413 827 1484 ad
849 1413 1075 1485 dubitativam
1100 1412 1193 1483 affir-

126 1515 273 1586 ationem
300 1514 464 1605 inclinet,
506 1508 541 1586 et
567 1518 775 1615 quidquam,
810 1518 841 1587 si
865 1543 1007 1588 sensum
1032 1526 1068 1587 ct
1091 1541 1193 1603 nsum

126 1614 348 1713 inspectas,
388 1617 563 1689 interiecti
594 1618 687 1689 nibil
717 1617 835 1689 locum
870 1644 981 1716 aeque
1015 1643 1059 1687 ae
1090 1616 1193 1686 laum
1295 1644 1297 1650 ⁸

126 1716 219 1810 tuas,
246 1719 453 1790 εοιιυιιιίιιι
476 1721 601 1843 irpead
616 1720 740 1791 Etwas
765 1719 835 1791 hoc
861 1722 966 1791 etiam
991 1718 1131 1790 facilius
1157 1726 1194 1790 et

126 1821 199 1914 ptius
223 1822 398 1893 sustinere
423 1822 556 1918 possit,
600 1847 671 1920 qno
703 1822 819 1893 acrius
851 1848 984 1920 negare
1016 1819 1193 1893 videbitur
1307 1821 1312 1831 '

126 1922 156 1993 ui
126 1923 304 2093 udiuerit
337 1925 404 1994 boc
438 1950 478 1997 re
510 1926 608 1995 baud
637 1926 708 1996 scio
742 1951 789 1995 on
822 1925 914 1996 nibil
932 1924 1003 1998 vel
1025 1950 1071 1994 an
1104 1922 1195 1993 rtibil
1226 1921 1228 1925 ’

216 2053 273 2096 ara
300 2023 468 2124 (Nicltts,
514 2026 667 2106 melcltcr
690 2023 764 2099 Art
786 2053 822 2098 cs
848 2025 978 2100 necle
963 2053 1086 2099 emmer
1101 2052 1193 2122 sepo

126 2051 169 2225 laq
207 2131 253 2199 sit
278 2129 422 2218 melias,
468 2138 503 2199 et
534 2155 604 2225 quo
635 2127 716 2225 plus
747 2127 901 2202 lenitatis
934 2129 1166 2230 quidquam
1155 2153 1193 2198 m

126 2230 247 2325 egativa
269 2230 328 2301 vel
352 2231 487 2301 incerta
513 2234 687 2303 sententia
711 2230 839 2324 habet,
868 2234 967 2304 cuius
990 2231 1101 2305 verbo
1128 2228 1191 2300 du-

126 2330 229 2403 itativo
252 2359 374 2403 curam
399 2331 497 2402 addit
520 2333 844 2429 circumspiciendi,
873 2334 986 2406 sicubi
1011 2331 1097 2431 quid
1121 2330 1192 2403 tale

126 2434 156 2525 t,
179 2434 278 2532 quale
296 2461 342 2505 an
365 2436 411 2504 sit
429 2426 607 2507 dubitatur
622 2433 697 2535 ²⁸).
750 2435 879 2532 Neque
905 2447 1000 2528 erat,
1029 2461 1092 2506 cur
1113 2434 1192 2531 quis

126 2530 309 2611 beatiorum
332 2538 554 2608 notissimum
575 2536 663 2608 illud
686 2564 785 2610 tremo
809 2538 874 2614 vet
892 2539 983 2609 nibil
1002 2563 1067 2634 per
1090 2537 1190 2635 quid·
1216 2565 1221 2577 ’

126 2824 150 2911 l)
172 2832 194 2887 Α
213 2850 268 2907 qua
288 2835 401 2891 ratione
420 2854 480 2893 non
498 2835 631 2893 dissentit
649 2812 876 2905 Oelisnerus,
905 2834 956 2908 qui
976 2830 1076 2911 Eclog.
1100 2828 1190 2888 Cicer.
1243 2878 1246 2883 ,

174 2919 214 2975 ed.
230 2921 259 2975 3.
280 2939 306 2994 p.
327 2922 382 2976 191
404 2938 462 2995 seq.
480 2923 574 2979 verbis
595 2919 677 2978 baud
694 2922 754 2978 ecio
777 2940 817 2977 aa
836 2938 965 2999 anquam
974 2916 1118 2992 feturam
1139 2914 1190 2983 sit,

173 3003 266 3061 addit·
289 3007 407 3075 ,‚womit
423 3023 454 3060 er
468 3002 598 3087 (Cicero)
612 3007 664 3063 der
675 3006 861 3084 Verneinnng
871 3005 933 3062 sich
946 3005 1048 3062 nithart
1063 3003 1121 3060 und
1137 3003 1191 3057 mit

172 3109 319 3166 tanquam
342 3089 505 3148 wirklich'
496 3110 528 3148 ιιι
551 3092 672 3150 dieselbe
694 3094 840 3149 iibertritt.
841 3097 861 3129 ‘⁶
889 3109 982 3167 neque
1001 3089 1191 3156 Klotaius,

172 3177 250 3233 cuius
273 3177 488 3233 annotationem
509 3177 546 3234 ad
567 3175 644 3234 Lael.
666 3180 734 3249 aa
756 3179 806 3237 2⁰.
829 3177 914 3252 paulo
937 3190 1000 3252 post
1023 3174 1147 3232 afferam.

126 3252 152 3337 Β)
172 3258 275 3318 Eadem
299 3272 410 3331 utente,
440 3262 489 3317 sed
511 3250 605 3319 anitius
627 3266 770 3339 explicata
791 3265 949 3334 sententia,
979 3263 1009 3317 in
1029 3259 1084 3317 hac
1104 3256 1191 3315 com-

172 3349 345 3404 mentatione
368 3347 402 3401 de
423 3366 499 3404 anno
524 3350 740 3407 laetantum
767 3368 824 3405 non
853 3347 1015 3418 divendita,
1035 3347 1081 3402 de
1103 3363 1191 3401 roca-

169 3432 242 3490 bulis
264 3435 436 3510 qaisquam,
458 3431 552 3504 ullas,
573 3454 719 3512 unquam,
747 3453 871 3511 usquam
894 3454 920 3508 p.
939 3435 985 3489 13.
1007 3433 1190 3505 scripseram:
1262 3484 1272 3506 ,

171 3537 262 3594 „quae
279 3539 344 3575 eum
368 3536 417 3591 per
438 3537 468 3573 se
489 3517 646 3577 affirmandi
663 3522 722 3579 vim
743 3518 866 3577 babeant
881 3514 951 3599 (vid.
967 3514 1053 3574 catil.
1066 3514 1088 3586 l,
1104 3515 1133 3583 2,
1147 3508 1190 3593 6.)

171 3622 206 3660 ex
221 3603 408 3678 praecedente
423 3605 625 3663 enuntiatione
638 3607 683 3663 vet
705 3607 841 3680 negativa
854 3605 901 3661 vel
921 3599 1191 3676 interrogativa-vel
1272 3597 1274 3601 ’

171 3689 358 3747 conditionali
375 3690 420 3745 vel
435 3691 631 3764 comparativa
644 3689 770 3767 negandi
785 3690 844 3746 vim
860 3687 1022 3745 adsciscunt
1035 3682 1089 3741 hoc
1104 3686 1191 3740 etiam

171 3776 318 3847 maiorem,
340 3773 416 3847 qnod
435 3776 676 3849 amplissimorum
692 3775 792 3831 finium
811 3791 862 3846 per
874 3791 963 3850 qaam
980 3771 1012 3827 in
1025 3770 1190 3849 qaisquam,

171 3880 311 3938 anquam,
332 3878 456 3936 usquam
472 3859 504 3916 fit
522 3861 727 3939 ιιςιιιιιιιιιιιέί
760 3855 895 3916 Sericum
911 3860 996 3934 paulo
1014 3867 1079 3932 post
1093 3853 1192 3911 cadem

170 3949 275 4024 pagina
297 3947 367 4002 satis
388 3945 565 4016 habuissem,
588 3945 663 4020 quod
684 3965 744 4004 non
765 3944 916 4015 debebam,
938 3943 1076 4001 scribere:
1096 3957 1191 4014 „quac

169 4033 289 4089 reculae
319 4050 355 4087 ex
383 4030 465 4091 laced
491 4031 558 4109 (pro
581 4031 663 4088 ltaad
682 4033 743 4090 scio
766 4027 820 4109 aa)
849 4031 1014 4110 negativam
1040 4027 1098 4085 vim
1121 4045 1190 4084 con-

168 4116 330 4191 trabunt;“
367 4116 454 4197 Aug.
475 4114 657 4176 Matthiae
684 4117 760 4264 pit.
789 4115 968 4174 Scabodii
995 4111 1105 4171 Archiv
1127 4112 1191 4183 [ιιι

169 4197 337 4279 Philologie
359 4204 421 4261 aad
446 4200 580 4281 Pcedag.
615 4200 661 4263 ΙΙ.
707 4203 794 4282 abrg.
828 4200 956 4276 LHeft.
987 4220 1014 4275 p.
1035 4201 1076 4257 26
1097 4194 1189 4273 seqq.)

169 4300 271 4347 eontra
293 4308 338 4345 me
361 4291 484 4364 exstitit,
505 4293 556 4366 qui
572 4292 674 4353 vellem
696 4292 878 4372 negationem
899 4290 931 4345 in
952 4288 1043 4349 altero
1064 4283 1199 4343 mamers

884 4362 990 4446 4,.
