2836 4852
108 348 114 357 '
196 337 256 403 lut
276 334 480 400 nonnum
499 333 646 399 unsclo
666 335 723 398 AN
743 333 826 400 vot
846 337 960 402 HAUD
981 338 1071 404 solo
1093 343 1157 407 ΔΝ.
1199 341 1255 421 55

149 506 230 583 Cic.
257 507 304 581 de
331 507 437 582 Orat.
463 505 497 596 Ι,
529 502 601 578 50.
632 531 689 601 pr.
726 516 762 579 et
795 509 885 583 Ter.
912 505 1032 583 Andr.
1054 513 1089 606 Ι,
1116 511 1155 608 1,
1183 513 1251 591 65.

150 613 422 710 comperiebam,
449 607 540 678 uuit
559 610 609 678 ad
628 608 854 704 Pamphilum
874 614 1057 711 quicquam
1082 617 1252 710 adtinere,

106 714 217 809 *pro
237 715 472 810 cuiuscunque
491 712 626 808 qenen'c
649 719 703 782 est
727 714 916 811 quidquam
940 739 1020 785 cum
1047 717 1139 788 nibil
1170 744 1254 791 con·

154 816 319 902 iunctum,
346 824 387 884 ut
407 811 610 882 affirmative
633 814 808 912 quippiam
832 839 912 885 cum
932 819 1019 914 quid
1041 816 1181 891 lavent.
1198 821 1251 914 Π,

106 912 115 1003 l
159 914 221 1009 tt,
247 913 341 988 156.
395 912 547 1012 Siquid
569 915 677 1011 iqitur
695 940 739 985 ex
762 915 829 986 bac
848 918 925 1012 ipen
951 921 1128 1017 quippiam
1152 948 1252 1008 accu7

106 1044 108 1049 ·
162 1031 245 1113 tuton
260 1020 419 1114 deroqet.
435 1055 486 1072 -
511 1012 684 1087 Similiter
696 1015 920 1089 statuendum
936 1029 990 1090 est
1004 1021 1093 1093 Ter.
1109 1023 1206 1095 Hec.
1217 1024 1252 1117 1,

166 1116 276 1211 1,10.
328 1117 429 1190 Nam
446 1141 546 1188 nemo
564 1119 744 1216 quicquam
760 1118 902 1190 illorum
919 1123 1006 1192 scito
1024 1125 1074 1193 ad
1090 1135 1122 1196 te
1138 1120 1252 1216 uenit,

168 1224 236 1319 quin
257 1223 308 1293 ita
328 1230 434 1317 paret
458 1243 553 1308 eece,
588 1220 804 1314 praesertim,
820 1221 857 1290 in
882 1247 1046 1295 sermone
1071 1206 1250 1298 familiari.

169 1321 229 1395 Pro
251 1324 433 1422 quiequam
455 1330 538 1415 post
569 1320 668 1391 baud
698 1323 788 1411 acub,
829 1348 876 1392 an
905 1335 1001 1395 certe
1033 1325 1253 1423 frequentius

171 1433 214 1498 ut
232 1449 347 1516 neum,
376 1421 473 1520 quod
497 1430 596 1493 certa
618 1431 736 1495 mente
762 1433 799 1495 et
823 1424 899 1497 sine
924 1423 1250 1521 ulla‘dubitetione,
1341 1509 1343 1513 ,

174 1549 243 1620 quae
271 1527 307 1596 in
332 1527 514 1624 quiequam
544 1521 651 1616 latet,
688 1532 810 1622 negat.
838 1535 876 1595 ut
902 1522 1010 1598 offic.
1036 1527 1108 1620 ΙΙΙ,
1136 1526 1179 1621 2,
1207 1518 1270 1603 6.Χ

174 1624 257 1698 Brut.
272 1625 343 1719 55,
364 1621 472 1698 126.
488 1622 614 1715 Quint.
629 1623 697 1704 Fr.
711 1623 745 1716 l,
766 1622 804 1717 1,
828 1621 897 1697 10.
925 1638 965 1698 ut
990 1629 1053 1699 ubi
1077 1633 1168 1701 lauti
1188 1631 1250 1702 lto·

176 1728 494 1816 machabaeum,
522 1727 646 1826 quanti
668 1726 767 1796 baud
788 1728 929 1811 taloan
947 1731 1088 1800 umnini.
1142 1719 1265 1804 Simi.¹
1294 1776 1300 1784 ,

177 1824 238 1901 liter
252 1831 325 1902 ulla
340 1855 411 1919 rea,
439 1828 497 1901 cui
519 1826 683 1899 adiuncta
700 1836 755 1899 est
774 1829 943 1926 coqitatio
966 1840 1134 1930 quotquot
1152 1843 1248 1926 aunt,

106 1954 123 2007 ·,
178 1930 265 2003 uinus
288 1930 430 2004 definite
461 1939 498 2002 ct
527 1927 748 2002 confidenter
781 1939 864 2025 post
895 1933 1018 2021 nescio
1035 1958 1104 2024 aa,
1144 1958 1249 2031 quam

107 2036 124 2066 ·'
179 2031 255 2104 mlta
275 2060 331 2106 rea
348 2031 408 2104 vel
432 2030 534 2122 nibil,
562 2029 702 2102 dicitur.
755 2028 857 2101 Nam*
872 2030 1036 2104 lubenter
1061 2034 1247 2129 confiteor,

106 2182 124 2218 a
179 2135 260 2205 mein
278 2159 400 2207 errore
418 2133 543 2226 fuisse,
572 2157 650 2204 cum
665 2131 745 2205 Cic.
761 2129 843 2205 cat.
856 2132 913 2206 Μ.
931 2131 994 2226 16,
1010 2131 1079 2206 50.
1097 2161 1135 2232 p.
1148 2135 1245 2209 108.

106 2252 125 2305 ἰ
178 2227 350 2309 llmestium
375 2245 517 2308 secutus
542 2234 655 2305 nulla⁴
669 2233 862 2306 scriberem
886 2236 924 2305 in
948 2235 1026 2308 his:
1061 2235 1148 2310 Mea
1173 2242 1247 2338 qai-

106 2333 124 2393 11
179 2334 233 2407 den
252 2330 499 2439 tententia‘³⁰)
520 2337 620 2407 baud
640 2338 711 2407 ecio
737 2363 784 2408 an
808 2336 887 2409 ullu
904 2334 1098 2437 (senectus)
1116 2340 1250 2410 beatior

106 2439 123 2563 Ξ
179 2442 443 2538 cauponatu).
494 2438 730 2553 Ernestius
753 2462 840 2511 vero
858 2449 999 2533 praeter
1019 2438 1113 2511 hunc
1129 2437 1247 2512 locum

179 2586 436 2627 ¹*—

106 2698 120 2755 2,
235 2678 346 2756 puncta
371 2674 528 2756 quidquam
559 2675 664 2735 melina
693 2673 804 2735 bomini
834 2679 876 2736 eit
906 2696 926 2734 a
956 2678 1003 2753 dia
1030 2676 1247 2736 immortalibus

106 2780 119 2820 t
238 2763 351 2838 dutum,
384 2779 423 2819 cn
451 2761 545 2822 dieas:
583 2781 643 2841 qua
665 2762 780 2845 quidem
802 2761 884 2820 bared
903 2763 964 2820 caio
987 2766 1033 2820 au'
1049 2771 1175 2842 excepta
1196 2782 1247 2820 aa·

236 2849 346 2928 pientia
367 2844 445 2905 nillil
465 2844 569 2905 malint
589 2846 701 2904 domiui
721 2849 762 2904 cit
783 2867 803 2905 a
826 2847 873 2906 dic
893 2846 1110 2907 immortalibus
1132 2848 1246 2921 datum,

238 2934 302 2993 illud
323 2933 399 2992 enim
420 2932 448 2989 ι’
468 2930 540 2989 dicis
566 2951 617 3008 per
638 2932 794 3011 quidquam
820 2932 875 2991 hoa
901 2933 1014 3009 quidem
1042 2935 1128 3015 etium
1154 2935 1246 3014 nigni-

237 3018 298 3077 licu
326 3031 357 3077 ta
387 3035 446 3074 nan
474 3017 638 3074 existimare
664 3036 724 3074 esse
752 3018 871 3094 aliquid
888 3020 990 3076 metina
1016 3020 1159 3091 amicitia,
1195 3019 1246 3076 ted

237 3114 326 3161 tamen
348 3121 399 3178 per
420 3101 560 3177 duplicem
582 3101 788 3160 dubitationem
808 3103 839 3161 id
856 3105 1001 3180 exprimit,
1023 3106 1146 3180 primum
1159 3106 1200 3161 ita
1212 3114 1246 3161 ut

236 3189 400 3247 tmtentiam
422 3197 499 3244 tuam
522 3187 647 3252 declares
669 3206 719 3262 per
732 3190 856 3265 aliquam
870 3189 1076 3248 dubitationem
1094 3188 1170 3246 baut
1185 3189 1245 3245 auio

237 3290 287 3344 an,
314 3270 417 3330 deinde
438 3283 471 3329 ut
492 3272 578 3329 etiam
600 3272 671 3330 illud
692 3274 799 3348 ipsunt,
828 3274 904 3350 quod
925 3273 1069 3349 perhanc
1090 3273 1246 3332 dubitatio·

106 3383 110 3393 ·
236 3374 293 3416 nun
315 3358 458 3427 declaras,
490 3374 540 3431 per
565 3374 626 3412 aesc
653 3359 739 3416 ctiam
766 3377 842 3416 nune
865 3359 982 3417 dubium
1009 3376 1070 3416 esse
1091 3357 1245 3437 tignificee,
1368 3366 1370 3371 '

106 3467 113 3500 ⁴.
236 3442 305 3516 quad
327 3454 428 3501 contra
449 3451 509 3513 est,
542 3442 568 3498 ei
595 3442 744 3500 scribimus
773 3442 850 3500 nibil
875 3444 907 3500 in
934 3442 988 3500 hac
1008 3446 1167 3512 sententia,
1195 3443 1246 3498 ubi

106 3552 113 3591 t
236 3528 351 3602 tlmplex
372 3541 416 3585 eat
437 3526 595 3597 dubitatio,
624 3544 695 3601 quac
716 3529 879 3586 continetur
900 3529 994 3587 verbis
1015 3525 1172 3589 bautonio
1194 3542 1245 3596 aa,

237 3626 327 3671 attera
347 3614 417 3670 ratic
438 3622 536 3686 aperta
556 3611 785 3689 εἰςιιίίίοειηῑιπέί

174 3680 215 3770 ll)
236 3693 389 3755 Mutuum
408 3696 598 3776 significatio,
632 3714 704 3771 quac
731 3706 774 3753 est
800 3696 831 3752 in
858 3695 1038 3752 simulatione
1058 3693 1245 3751 dubitationis

235 3778 331 3859 (laud
350 3782 411 3840 calo
433 3780 492 3861 au)
513 3781 548 3837 de
570 3799 615 3851 ea,
636 3779 711 3856 quod
732 3779 912 3841 statuendum
933 3792 1026 3855 putat,
1047 3779 1075 3836 h.
1091 3780 1110 3834 Ι.
1131 3776 1245 3836 Cicera-

234 3884 295 3925 ntm
315 3886 373 3925 nan
395 3866 708 3942 impediit‚'quominuc
721 3861 791 3922 Mea
804 3864 919 3943 quidem
941 3865 1089 3923 contentia
1110 3861 1139 3926 h.
1154 3881 1177 3924 e.
1204 3863 1246 3922 Ut

106 3985 112 4019 ·,
234 3950 328 4010 diuam
342 3952 421 4030 quod
435 3952 541 4023 centia,
562 3950 612 4006 iuti
628 3949 766 4007 formulae
784 3950 987 4025 praemitteret,
1010 3946 1243 4025 queamdmodum
1262 4014 1266 4025 ¹

232 4039 347 4097 verbum
360 4047 433 4116 puto
446 4034 555 4094 addidit
569 4053 595 4109 p.
608 4031 789 4105 mutuno,
801 4037 847 4092 16.
876 4034 963 4107 Quod
982 4034 1080 4092 laud
1100 4035 1177 4092 acia
1197 4053 1243 4092 au

233 4120 268 4181 de
292 4122 406 4180 ambitu
428 4131 458 4179 ct
478 4120 514 4178 de
535 4118 707 4177 crimiuiduc
734 4121 803 4179 tutu
823 4120 969 4180 sodalium
991 4139 1029 4177 aa
1049 4120 1244 4199 coquettrimn

106 4239 110 4271 ;
233 4204 388 4287 (quoniam
407 4206 464 4265 ltuc
482 4205 592 4286 incidi)
614 4204 752 4264 rimiliter
773 4207 1007 4287 rotpondtndum
1019 4215 1158 4283 putem.

106 4335 109 4345 .
169 4284 209 4368 ll)
232 4291 489 4353 Bracmanum
509 4293 660 4349 lectionem
678 4291 942 4370 nullareceperunt
962 4288 1142 4371 Nobbiur‚
1163 4286 1243 4345 Bil-
