2836 4852
246 350 276 427 a
428 382 432 393 ·
484 320 813 449 ‘commortuo‘
830 330 1109 421 aamnmrrca'

158 564 162 571 ·
249 524 340 596 ratio
366 518 526 593 ducenda
545 492 618 612 ⁸sit,
646 519 677 591 si
701 520 780 618 quis
802 516 888 590 velit
908 516 1055 589 alicuius
1077 506 1372 587 constructionis-

250 625 308 704 vel
340 624 552 722 sputacticae
582 620 730 721 regulae
762 646 903 693 causam
934 627 970 692 et
999 627 1159 689 naturam
1193 617 1349 713 aperire,
1363 618 1372 711 J

118 758 126 771 ¹
250 738 324 799 tum
349 725 435 797 illud
458 727 496 796 iu
518 724 640 821 primis
660 722 864 814 tenendum,
890 719 1077 811 vodabula,
1105 745 1194 817 quae
1218 716 1352 814 duplici

250 830 306 902 vel
331 827 461 923 triplici
486 825 592 897 modo
618 829 707 897 suni
731 836 893 923 possunt,
921 850 942 895 a
964 822 1242 921 diligentissimis
1263 820 1349 891 scri·

247 929 409 1028 ptoribus
434 944 508 1003 'non
532 938 665 999 temere
690 954 757 999 nec
783 929 858 998 sine
880 926 1016 997 ratione
1041 948 1135 997 nunc
1159 922 1232 995 boe
1257 944 1372 993 nuuc

248 1032 311 1104 illo
345 1029 452 1101 modo
488 1027 672 1120 adbiberi,
720 1028 782 1101 sed
818 1040 857 1100 ut
890 1027 1142 1099 vocabulorum
1180 1027 1232 1096 sic
1266 1018 1372 1127 oon-J

249 1135 480 1206 structiouum
506 1130 680 1203 delectum
709 1131 789 1202 lieri
814 1130 859 1201 ad
884 1129 1059 1228 quandam
1085 1124 1266 1227 cogitandi
1290 1142 1372 1223 uc'p,

249 1237 460 1308 cessitatem*
474 1244 727 1329 comparatum.

348 1337 392 1406 lu
413 1362 483 1432 quo
505 1335 755 1407 iucundissimo
780 1334 999 1433 grammatici
1019 1356 1163 1403 munere
1184 1328 1347 1428 quoniam

249 1463 450 1529 versamur,
478 1463 540 1528 ea,
563 1436 658 1535 'quae
685 1436 765 1508 data
790 1461 884 1506 nuno
910 1444 985 1525 ost,
1014 1431 1194 1517 scribendi
1220 1456 1348 1527 oppor-

248 1541 395 1611 tunitate
418 1540 468 1610 sic
489 1541 539 1609 uti
556 1538 743 1630 voluimus,
770 1550 809 1608 ut
832 1563 850 1609 e
871 1539 1003 1608 nostris
1023 1534 1153 1606 latinae
1176 1558 1372 1633 gramma-¹

248 1641 340 1711 ticae
367 1641 719 1713 commentationibus
745 1649 878 1712 tautum
904 1663 1211 1735 expromerem,
1240 1660 1351 1731 quau·

249 1752 323 1813 tum
350 1741 530 1814 scribendi
553 1743 642 1815 fines
666 1752 883 1840 paterentur.
941 1740 1049 1811 Hunc
1075 1750 1191 1811 autem
1215 1735 1351 1827 locum,

140 1866 147 1873 ·
249 1845 311 1940 qui
346 1854 399 1914 cst
432 1843 476 1915 de
509 1856 633 1915 natura
667 1856 702 1917 et
735 1871 802 1915 usu
837 1840 1025 1915 accersatioi
1056 1868 1133 1913 cam
1164 1840 1353 1938 infinitivo,

118 2696 121 2701 ·
247 2656 369 2748 initia,
415 2682 506 2755 quae
538 2656 768 2750 videbantur,
813 2669 849 2730 et
883 2657 1081 2757 analogiam
1112 2666 1274 2747 secutus,
1313 2660 1364 2725 ut·

249 1946 466 2049 aptissimum
491 1948 687 2041 putavimus
712 1972 785 2016 nou
816 1944 922 2015 modo
956 1955 1104 2039 propter
1136 1941 1240 2012 huius
1266 1948 1358 2012 cou·'

249 2049 453 2135 structionis
488 2048 722 2143 frequentiam
758 2056 794 2118 et
827 2048 1096 2136 necessitatem,
1147 2041 1210 2114 sed
1247 2044 1359 2115 etiam

248 2159 396 2242 propter
421 2151 533 2218 nostri
559 2148 603 2219 de
635 2174 676 2220 ea
707 2173 746 2219 re
778 2146 899 2218 iudicii
928 2147 1124 2220 dissensum
1151 2144 1203 2216 'ab
1228 2168 1372 2216 eorum.

248 2248 418 2331 Virorum
434 2250 523 2322 DI).
543 2251 729 2340 sententia,
756 2251 817 2346 qui
840 2251 961 2345 paucis
984 2249 1113 2320 abhinc
1137 2249 1238 2319 aunis
1257 2245 1359 2317 bunc

248 2348 378 2422 latinae
405 2354 653 2449 grammaticae
684 2350 802 2422 locum
828 2353 1108 2450 pervestigantes
1132 2351 1170 2420 iu
1196 2349 1358 2421 diversas

248 2461 368 2548 partes
394 2453 568 2535 abierunt.
621 2453 713 2525 Nam
738 2449 1257 2551 Wacbsmutbius1),uou
1279 2459 1355 2521 tam

248 2555 422 2625 rationem
453 2562 490 2626 et
519 2565 679 2625 naturam
706 2554 907 2655 cogitandi,
952 2581 1057 2652 quam
1088 2552 1352 2626 consuetudinis

247 2756 457 2830 vernaculae
484 2758 647 2831 dictionis
680 2760 779 2853 „Iob
799 2761 885 2833 lriire
911 2763 979 2832 dan
1003 2758 1168 2833 Socrates
1192 2760 1368 2845 reden“,

249 2859 392 2928 omuino
425 2885 533 2949 vero,
576 2863 712 2958 inquit,
756 2865 975 2934 accusativus
1007 2862 1158 2956 primum
1188 2884 1209 2928 a
1240 2856 1350 2931 verbo

246 2961 441 3055 praemisso
468 2970 656 3054 attractus,
697 2974 780 3034 tuuc
807 2975 923 3034 autem
953 2961 1142 3032 infinitivus
1168 2958 1365 3032 adiunctus.

202 3066 209 3074 “
249 3084 327 3133 ease
354 3060 527 3157 putandus
555 3071 630 3154 est,
674 3061 771 3160 quod
794 3063 959 3135 familiari
982 3061 1104 3133 Plauti
1128 3067 1164 3131 et
1189 3058 1372 3135 'ferentii'

248 3187 433 3256 sermone,
461 3161 567 3234 modo
591 3165 670 3260 ipso
697 3165 796 3235 linito
822 3165 1009 3261 probatum
1033 3161 1213 3256 videmus,
1247 3190 1281 3236 e.
1311 3166 1372 3261 gr

247 3262 325 3336 Fac
345 3290 415 3358 me,
436 3277 478 3337 ot
492 3267 611 3337 sciam.
660 3266 712 3338 Te
730 3267 875 3365 faciam,
903 3279 945 3339 art
962 3269 1065 3338 mber
1083 3267 1130 3337 aia
1146 3262 1197 3367 ²).
1250 3265 1372 3351 Idem]¹

249 3365 299 3440 V.
322 3367 374 3437 Ι).
403 3364 447 3438 de
474 3368 674 3439 accusativo
701 3394 735 3440 c.
762 3368 863 3440 infin.
892 3367 1042 3460 subiecti
1072 3376 1191 3465 partes
1222 3354 1372 3464 ageutcl

249 3469 471 3565 expositurus
505 3466 551 3541 ad
587 3468 765 3543 licentiam
802 3470 1021 3571 loquentium
1060 3470 1220 3568 confugit
1258 3466 1372 3567 „qui

248 3572 396 3666 primam
418 3573 714 3647 constructionem
732 3569 829 3675 (post
845 3572 954 3647 verba
972 3571 1169 3674 transitiva)
1187 3568 1353 3643 brevitati

274 3841 305 3920 1)
333 3841 382 3900 De
400 3840 579 3903 Accusatioo
601 3866 665 3904 cam
684 3847 833 3919 infinitivo
853 3849 962 3928 disput.
980 3847 1088 3911 Wilb.
1105 3842 1365 3911 Wacbsmutb„

338 3927 428 3986 Halia
447 3928 522 3987 Soc.
539 3932 629 3988 1815.
651 3937 679 3997 8,
696 3954 731 4012 p.
748 3936 794 3992 15.
1304 3962 1309 3968 ·

271 4022 306 4107 2)
334 4028 367 4085 ln
384 4028 440 4107 hia,
462 4031 665 4093 diversissimis
681 4054 699 4092 a
715 4047 814 4093 nostra
832 4057 926 4108 eausa,
950 4038 1085 4111 exemplis
1103 4042 1146 4089 est
1166 4031 1262 4105 potius
1279 4031 1350 4089 dua·

334 4132 396 4170 rum
419 4117 594 4173 locutionum
618 4120 863 4195 confusio‚.quam
886 4123 1028 4182 attractio.
1066 4116 1132 4175 Una
1151 4117 1259 4173 locutio
1280 4114 1351 4172 haec

335 4208 405 4256 aatz'
421 4198 484 4257 Fac
505 4220 550 4259 ma
570 4206 743 4275 certiorem,
763 4206 870 4277 ultera,
891 4204 972 4277 Fae,
990 4214 1024 4260 art
1043 4204 1144 4260 roiam.
1187 4199 1287 4276 Neque
1308 4201 1351 4257 ita

332 4283 519 4364 intelligitur,
551 4306 604 4345 eur
623 4290 783 4347 infinitivus
805 4292 954 4349 adiunctus
975 4291 1022 4345 sir.
