2836 4852
369 304 426 369 ιιι
445 303 701 370 occasurus
721 272 813 412 can
832 303 1062 372 ιιιιιιιιιιο.
1244 309 1270 383 7

108 478 112 493 '
159 474 369 573 praedicato
403 486 602 568 coastat,
654 475 834 548 Socratem
863 479 1051 574 sapientem
1081 478 1191 577 faisse
1222 507 1268 553 nn

160 575 367 671 obiectum,
406 589 458 649 ut
469 580 500 650 si
525 578 656 650 dixeris
682 577 839 676 Coqaooi
868 578 1048 651 Socratem
1079 585 1269 678 sapientem

157 680 271 779 faisse
307 678 490 779 (Socratis
525 679 766 779 sapientiam).
828 681 1015 751 Eiusmodi
1049 692 1163 754 autem
1198 710 1269 757 vox

158 808 242 854 cum
264 781 385 854 addita
411 793 470 854 aut
493 785 685 901 praemissa
713 792 785 873 est,
819 793 987 880 apparet,
1025 782 1159 855 deliniti
1185 785 1266 859 sub-

159 884 245 956 iecti
267 881 489 986 (Socratem)
514 885 748 955 accusativum
770 911 842 956 nou
864 884 1076 977 rhetoricae,
1105 885 1168 958 sed
1185 913 1266 986 syu-

159 988 310 1059 tucticae
334 988 579 1059 concinnitatis
602 985 735 1078 studio,
764 987 859 1084 quod
881 1013 953 1058 nou
974 989 1153 1058 minimum
1173 986 1267 1085 apusl

160 1086 310 1160 Latinos
335 1090 422 1179 suit,
451 1087 586 1160 deberi.
645 1089 789 1160 Etenim
816 1116 894 1161 cum
920 1091 956 1159 iu
980 1114 1108 1185 prosae
1135 1094 1264 1164 oratio·
1295 1106 1300 1117 '

158 1191 215 1261 nis
239 1216 306 1260 usu
333 1184 577 1262 constituendo
603 1189 724 1260 Latini
757 1193 949 1287 scriptores
984 1190 1123 1263 classici
1150 1191 1280 1286 Grae·-

157 1316 282 1363 corum
319 1318 519 1387 sermonem
550 1294 679 1363 imitari
710 1292 864 1385 nollent,
909 1295 970 1389 qui
999 1286 1182 1423 (licebant,
1224 1306 1264 1367 nt

108 1476 115 1497 ·.
155 1391 327 1516 Thucjd,
348 1395 381 1486 1,
410 1393 479 1465 95.
479 1392 649 1526 ciritae}
681 1391 916 1492 οἰκοδομία”
898 1423 949 1469 aa
983 1398 1043 1468 καὶ
1071 1399 1135 1470 νῦν
1167 1394 1264 1472 ἐστιν

155 1490 212 1569 ὅτι
236 1500 328 1569 κατὰ
354 1444 514 1596 incutias
539 1504 669 1590 ιγέιειο
695 1521 761 1593 pro
793 1493 946 1572 ‹l'lor
934 1499 1047 1584 eaelo,
1098 1495 1152 1572 ότι
1182 1525 1262 1570 cum
1362 1507 1369 1517 '

155 1596 268 1669 uerbo
291 1598 409 1687 finito,
436 1609 508 1688 aut,
537 1600 666 1672 omissa
690 1529 876 1694 particula,
905 1594 1034 1697 slata
1021 1601 1159 1672 soai—
1170 1626 1263 1692 yero-

155 1706 259 1799 μένῃ,
287 1725 367 1772 cum
392 1701 503 1797 igitur
524 1701 637 1770 activo
641 1700 799 1821 ‘quidem
826 1724 956 1796 genere
983 1699 1117 1770 nollent
1143 1698 1261 1773 dicere

156 1799 276 1871 Notas
302 1812 354 1873 est
383 1798 546 1873 Socrates
568 1828 707 1896 sapiens
725 1801 862 1898 faisse,
895 1826 1010 1896 neque
1035 1802 1170 1872 Notum
1194 1814 1258 1894 est,
1301 1866 1306 1873 .

158 1898 275 2002 (certe
292 1928 363 1973 non
385 1901 610 2002 Aatliainaes)
633 1906 729 2003 qaod
747 1903 910 1974 Socrates
930 1906 1067 1997 sapiens
1085 1903 1170 2000 ficit,
1197 1931 1259 1976 nc·

156 2029 250 2101 qne,
285 2004 437 2078 subiecti
462 2031 550 2077 voce
578 2030 597 2074 a
623 2004 830 2101 praedicato
854 2006 1024 2098 seiuncta,
1051 2006 1186 2077 Natam
1211 2020 1261 2079 cst

156 2107 203 2177 de
230 2104 399 2198 Sacrate,
434 2111 623 2205 sapientem
646 2107 775 2205 sitisse,
818 2105 878 2177 ille
911 2118 1026 2178 autem
1055 2108 1179 2178 modus
1207 2108 1258 2178 di-

153 2206 258 2281 cendi
275 2205 453 2301 Socrates,
481 2221 521 2281 at
541 2218 660 2280 aotam
680 2221 743 2300 est,
770 2211 909 2305 sapiens
928 2208 1090 2305 [sitnon
1113 2236 1258 2306 suspeu-

154 2334 252 2401 sam,
300 2310 365 2382 scd
392 2311 568 2383 delinitam
594 2311 781 2406 praeberet
815 2313 1116 2405 enunciationem3
1162 2312 1260 2384 nulla

154 2436 241 2484 saue
274 2411 458 2484 relationis
491 2413 606 2483 forma
641 2421 845 2508 supererat,
895 2423 1037 2508 praeter
1069 2415 1259 2485 accusativi

153 2512 329 2607 formam,
374 2541 464 2611 quae
499 2516 735 2586 communiter·
764 2541 843 2586 cum
876 2512 1078 2608 praedicato
1109 2514 1259 2585 subiecti

154 2614 329 2688 vocabulo
354 2616 581 2689 tribueretur.
632 2612 755 2713 Atque
789 2614 859 2686 hoc
895 2614 1001 2685 modo
1034 2617 1138 2686 etiam
1172 2615 1259 2686 illud

155 2721 339 2791 consecuti
363 2730 463 2812 sunt,
498 2729 537 2789 ut
563 2717 728 2808 Constat,
760 2728 878 2788 aotam
904 2727 975 2806 est,
1003 2716 1061 2788 vel
1086 2716 1259 2789 eiusmodi

153 2818 263 2893 dictio
284 2847 357 2893 nou
377 2821 423 2893 ad
444 2820 557 2893 solum
578 2820 774 2893 subiectum
792 2828 851 2889 aut
871 2817 1110 2913 praedicatum
1130 2820 1259 2892 referri

150 2934 291 3021 posset,
320 2921 385 2995 sed
404 2922 447 2996 ad
469 2934 579 2996 totam
599 2922 697 2995 illam
717 2921 997 3025 enunciationem
1013 2919 1049 3024 ⁹)
1076 2921 1257 2996 Socratem

150 3027 345 3123 eapientem
368 3027 490 3125 faisse.

108 3314 110 3321 ·
146 3350 153 3359 .
238 3300 314 3357 heim
344 3299 446 3359 Possiv
471 3304 502 3359 in
531 3303 585 3359 den
611 3299 781 3360 Nominativ
808 3302 968 3381 iibergehen
994 3301 1104 3361 kann.“
1146 3298 1258 3357 Mecum

237 3388 330 3444 sentit
351 3385 519 3446 Billrothius
540 3390 560 3448 l.
582 3408 605 3444 c.
627 3392 655 3464 ξ.
669 3388 741 3445 251.
754 3398 783 3444 et
799 3387 872 3445 252.
893 3387 1028 3446 Anmerk.
1047 3391 1074 3446 l.

172 3490 211 3565 t)
239 3488 489 3547 Emanciatiaaem
509 3488 625 3570 (Sata)
646 3509 704 3548 non
725 3493 789 3548 vult
810 3476 1005 3549 accusativum
1026 3509 1050 3546 c.
1066 3488 1145 3545 infin.
1162 3488 1260 3560 appel-

238 3577 295 3632 lari
311 3576 633 3633 Weissenbornius
655 3578 674 3636 l.
688 3596 711 3632 c.
724 3580 752 3652 ξ.
764 3577 833 3634 147.
846 3589 919 3634 extr.
941 3578 1013 3648 „Ale
1026 3572 1103 3631 Sata
1119 3571 1194 3628 kann
1209 3571 1259 3626 der

238 3680 301 3719 acc.
316 3654 406 3717 ci'nf,
423 3659 501 3717 nicht
523 3662 681 3718 betrachtet
704 3660 830 3730 werden,
853 3661 889 3716 sla
910 3660 970 3715 ihm
993 3660 1038 3715 ‹lie
1060 3656 1268 3733 Becciclmuug¹

238 3746 293 3802 cler
311 3747 439 3831 Ausuaga
458 3744 538 3817 fehlt,
560 3748 683 3803 eoudern
701 3765 732 3801 er
747 3747 784 3801 ist
804 3744 958 3803 Satztlreil
978 3744 1035 3800 uml
1057 3762 1132 3802 nwar
1147 3741 1259 3813 Olrject.

238 3824 463 3888 Enunciatiouis
475 3850 577 3888 nomen
590 3843 706 3888 excusat
719 3830 916 3887 Billrothiuel.
928 3850 952 3887 c.
960 3834 988 3905 ξ.
995 3832 1066 3890 252
1089 3824 1222 3885 Annierlr.
1234 3830 1259 3886 Ι.

236 3914 407 3995 „Olgleich
417 3916 467 3971 ‹lcr
479 3935 571 3973 accus.
584 3937 608 3972 c.
622 3917 727 3973 inlinit.
738 3915 891 3993 cigentlich
905 3935 960 3973 nur
973 3915 1093 3972 Thoil
1069 3933 1146 3969 erues
1161 3911 1260 3967 Setaea

239 4000 403 4077 (eutueder
424 3990 543 4077 Subject
563 4003 632 4059 otler
653 3999 772 4080 Object)
796 4004 908 4073 ist,-
869 4021 960 4059 -so
979 4001 1051 4060 wird
1070 4018 1101 4054 er
1121 3997 1192 4053 doch
1213 3996 1261 4053 fiir

236 4088 297 4145 «len
315 4083 498 4160 [ιιιΙιιίιιΙιιιι
511 4086 620 4146 Zweck
637 4086 716 4143 nicht
738 4089 897 4162 unbequem
919 4085 1087 4165 augeaehem
1109 4085 1151 4138 alu
1173 4083 1207 4138 ol·
1230 4100 1261 4136 er

237 4175 288 4230 ein
312 4172 412 4249 signer
434 4169 503 4230 Satn
525 4192 617 4244 aare,
647 4173 696 4228 der
717 4175 778 4231 sein
801 4171 950 4249 Subject
942 4193 982 4229 ιιιι
1005 4169 1170 4232 Accusatir,
1199 4167 1261 4221 scin

236 4256 380 4318 Pridicat
400 4259 453 4316 mit
473 4259 524 4315 der
542 4257 650 4334 Copula
679 4258 717 4315 im
740 4259 867 4317 lnfinitiv
889 4257 976 4327 hehe,
1012 4253 1071 4323 ancl
1100 4250 1260 4308 aussertlcm
