2654 4854
104 342 134 419 4
354 336 659 403 ΟΟΜΜΕΝΤΑΉΟ
681 338 958 404 autonomon
985 406 988 413 .

104 510 231 611 copula
248 519 316 599 cst,
342 509 412 582 nisi
435 509 482 582 ait
505 518 655 601 castore,
683 506 768 584 ὄντα
788 512 891 600 εἶναι,
916 508 1208 581 nullum'nomcn

102 640 230 715 rogero
251 620 382 710 potcst.
436 612 531 682 Tum
547 637 652 708 quam
677 613 812 683 incerta
831 614 877 684 sit
902 612 991 684 haec
1015 612 1209 683 accusativi

103 716 303 814 explicandi
326 715 432 805 ratio,
459 724 620 810 apparat‚
648 714 679 784 si
700 716 814 786 activo
833 713 944 786 verbo
967 717 1003 784 in
1025 714 1207 809 passivum

102 831 251 909 mutato,
278 842 357 889 cum
381 815 472 888 Viro
498 816 550 886 D.
579 815 694 889 dicas:
733 815 864 889 Gracci
887 819 1074 888 &adnutat
1098 811 1210 914 (κατὰ

103 919 158 1021 τὸ)
186 921 368 1010 iuvenisse,
394 927 434 987 ut
457 917 565 1015 igitur
586 918 790 1013 parimodo
812 918 1003 989 infinitivus
1023 915 1211 991 relationis

105 1049 225 1096 casnm
250 1045 335 1117 praa
362 1044 400 1090 se
426 1018 540 1111 ierat,
577 1046 656 1091 cum
679 1019 729 1094 V.
756 1022 809 1091 D.
837 1021 948 1092 verba
974 1019 1129 1091 Graecos
1152 1021 1209 1090 iu·

103 1127 236 1197 aenium
259 1123 411 1193 traditur
434 1145 507 1191 nou
532 1133 654 1218 posset
676 1148 771 1214 non,
799 1123 831 1194 si
852 1134 1014 1195 constare
1039 1120 1108 1193 sibi
1132 1120 1211 1201 val-

103 1225 167 1315 let,
195 1222 393 1320 explicaro:
423 1225 575 1295 traditur
596 1226 764 1296 invenisse
788 1220 908 1324 (κατὰ)
929 1224 1096 1297 Graecos.
1150 1222 1211 1294 Ita

104 1328 198 1399 anim
232 1324 354 1423 quidni
392 1322 519 1396 codem
554 1327 631 1398 iure
669 1324 821 1398 dixeris:
873 1330 1018 1398 tradunt
1052 1324 1235 1397 Graecos·

85 1425 211 1528 “(κατὰ
235 1425 290 1527 τὸ)
314 1427 507 1499 inventae?
552 1427 635 1498 Hac
660 1429 796 1499 ratione
820 1427 908 1498 nihil
934 1428 1105 1500 afficitur:
1129 1424 1212 1499 'scd

103 1541 222 1603 tamen
238 1529 288 1602 V.
305 1529 357 1599 Ι).
377 1554 450 1600 non
472 1527 579 1627 longe
601 1555 621 1601 a
644 1555 730 1602 vcro
752 1530 1003 1627 cognoscendo
1022 1527 1137 1600 abfuit
1152 1524 1209 1630 8),

104 1642 272 1729 recteque
305 1629 393 1701 illud
423 1633 579 1722 monuit,
619 1633 657 1702 in
688 1631 758 1703 hoc
789 1632 992 1728 disputandi
1012 1632 1156 1733 'genera
1184 1652 1212 1701 a

103 1734 286 1807 relationis
309 1743 435 1803 natura
458 1732 754 1829 proficiscendum
780 1761 857 1807 csso
875 1731 926 1834 ⁶).

205 1836 369 1926 Etenim,
413 1845 452 1905 nt
477 1836 568 1906 iusta
593 1838 639 1907 sit
663 1835 864 1932 disputandi
892 1836 1004 1928 ratio,
1044 1831 1212 1906 rovocari

104 1934 194 2008 hacc
220 1938 336 2007 omnia
362 1932 541 2007 debebunt
566 1936 611 2006 ad
636 1940 962 2029 ratiocinationem,
1007 1961 1097 2033 quac
1122 1934 1164 2007 tit
1185 1956 1211 2007 ο

105 2036 251 2109 duarum
272 2036 330 2110 vel
353 2037 537 2108 notionum
561 2036 619 2109 vel
644 2040 926 2110 enunciationnm
950 2037 1144 2129 relatione,
1170 2035 1213 2107 in
1251 2114 1253 2119 ,

101 2208 388 2230 ψ

127 2303 160 2389 ⁶)
188 2307 862 2475 ttttt:tttttgtttttttttttttst
865 2304 1236 2475 ³‘1iiss¹'1⁰si¹¹i¹¹§⁸i¹5i›“

858 2444 867 2460 .
961 2419 984 2454 z·
1040 2418 1043 2423 ’
1079 2443 1084 2455 .
1120 2436 1126 2450 ·
1199 2433 1209 2449 ·

189 2477 276 2536 Anm.
298 2496 325 2553 p.
340 2479 427 2552 305.)
448 2480 520 2551 „der
542 2480 631 2537 durch
654 2482 708 2538 dcn
730 2481 859 2541 infinitio
880 2481 1059 2546 bezeichncte
1074 2476 1209 2536 Zuatami

189 2564 249 2623 will
270 2563 322 2620 auf
340 2566 388 2621 cin
409 2565 503 2644 Βίης,
527 2567 577 2622 dac
598 2566 658 2623 sich
680 2569 711 2623 in
733 2567 892 2624 democlbcn
915 2568 1055 2636 botindct,
1077 2564 1209 2641 hexagona

187 2651 258 2707 acin.
278 2677 322 2691 —-
344 2681 356 2692 ·
422 2650 581 2730 Ucbrigcna
603 2654 713 2731 ergicbt
730 2651 790 2710 sich
808 2673 859 2709 aua
878 2654 1053 2730 dargauzen
1070 2648 1208 2707 Retrach-
1244 2644 1253 2671 '¹

189 2745 271 2812 tang,
295 2734 359 2791 dass
380 2736 453 2792 baim
476 2755 570 2793 accus.
584 2756 648 2793 cum
669 2739 749 2795 infin.
763 2737 933 2816 apracltlich
954 2739 1003 2794 dor
1017 2736 1146 2793 infinitiv
1161 2734 1209 2790 dic

187 2815 395 2895 Haupttoclm,
418 2821 468 2878 das
489 2829 593 2879 zuerat
612 2823 757 2881 Godachtc
778 2827 826 2895 ist,
849 2825 908 2881 und
931 2824 995 2879 dass
1017 2822 1067 2877 der
1082 2821 1209 2876 Accusa-

188 2903 231 2959 tiv
253 2921 309 2958 nur
327 2906 368 2960 alo
382 2904 581 2984 Bestimmung
603 2923 639 2963 zu
661 2908 721 2964 ihm
742 2906 908 2981 hinzutritt3
931 2907 996 2962 sehr
1016 2902 1135 2962 trcffentl
1156 2904 1208 2959 be·

186 2985 281 3043 merkt
302 2987 389 3044 daher
411 3007 468 3046 von
489 2988 689 3048 Humboldt
710 3013 735 3049 a.
758 3013 782 3049 a.
806 2994 841 3050 0.
874 2992 1019 3073 (indiachc
1040 2985 1208 3046 Bibliothek

186 3068 218 3128 B.
237 3067 282 3153 2.)
305 3069 336 3129 S.
358 3074 426 3142 117,
454 3073 520 3131 duan
541 3093 608 3131 mam
628 3075 767 3154 richtiger
788 3096 877 3155 aagcn
898 3077 1010 3135 wiardo:
1043 3075 1208 3131 infinitivus

186 3175 250 3213 cum
273 3161 453 3229 accusativo,
481 3160 524 3214 ala
545 3162 726 3217 accusativus
748 3181 813 3218 cum
834 3162 1009 3219 infinitivo.“
1030 3194 1073 3205 -
1115 3158 1208 3216 Recto

186 3242 216 3298 id
239 3242 368 3317 quidem,
400 3244 425 3299 ai
445 3243 621 3300 infinitivum
643 3234 822 3317 absolutum,
852 3256 885 3304 ut
901 3264 1046 3322 peccaro,
1074 3262 1130 3318 quo
1154 3262 1207 3301 ex-

185 3328 278 3402 emplo
299 3325 468 3385 Billrothiua
489 3329 596 3399 utitur,
619 3330 785 3386 indefinitae
806 3333 837 3388 in
858 3350 919 3388 acac
941 3329 1044 3387 habero
1065 3329 1207 3407 intelligia

185 3413 382 3470 accusativum
403 3431 555 3488 personae,
590 3431 672 3489 quom
694 3416 829 3473 latentem
851 3418 959 3473 excitas
982 3426 1011 3471 ct
1034 3414 1149 3483 definis,
1179 3412 1207 3469 ti

186 3498 309 3572 dixerit:
332 3494 476 3555 homiuem
491 3499 538 3556 vel
554 3496 658 3555 Guium
667 3520 806 3578 paccare.
850 3500 882 3559 ln
903 3503 965 3574 ipsa
985 3518 1054 3557 vero
1076 3500 1213 3555 orationo'

187 3582 292 3640 Guium
315 3594 381 3640 anta
399 3585 588 3663 cogitaverit,
612 3602 696 3658 quam
718 3587 856 3662 quidquid
878 3589 926 3657 ait,
950 3587 977 3641 ei
998 3586 1117 3642 tribuas,
1160 3582 1206 3641 lta

185 3669 344 3728 infinitivus
358 3668 394 3726 ad
412 3671 604 3728 accusativum
621 3671 739 3739 accedit,
760 3675 808 3730 vel
823 3684 942 3747 uterque
963 3672 1027 3746 pari
1047 3672 1109 3727 iure
1131 3668 1205 3724 frui-

184 3764 240 3810 tur.
285 3755 463 3829 Quamquam
490 3753 614 3812 infantia
641 3755 807 3814 Latinitatis
836 3759 953 3815 verbum
982 3757 1017 3814 ab
1039 3755 1214 3813 accusativo

183 3839 277 3893 minut
292 3841 430 3894 concinne
445 3841 581 3898 seiunxit.
624 3839 688 3896 vid.
706 3842 778 3898 Gall.
797 3842 881 3899 Noct.
896 3844 955 3901 Att.
968 3841 990 3911 1,
1005 3843 1033 3895 7.
1052 3852 1081 3897 ct
1094 3836 1205 3895 with.

180 3921 478 4063 ἵείαῑίεῐὲὴοῐηίἰ
504 3922 627 4002 Syatot:
649 3926 703 3984 dar
725 3926 780 3989 lut.
799 3925 943 4007 Sproclw.
968 3924 1058 3982 1836.
1086 3924 1205 3996 §.142

206 4025 271 4063 mna
309 4046 316 4061 .
361 4047 368 4062 .

115 4101 152 4189 11)
180 4106 257 4164 idem
273 4109 331 4165 inm
344 4107 450 4166 dudum
463 4122 614 4169 monuerat
632 4113 784 4175 Godofr.
808 4114 1036 4170 Hermanno·
1058 4111 1111 4168 Vir
1132 4109 1204 4169 lliu-

177 4194 260 4263 atria,
294 4204 378 4269 quem
401 4197 763 4270 commemoraveram,
796 4202 828 4256 in
849 4199 922 4254 libro
944 4196 993 4256 De
1016 4194 1203 4254 emendanda

177 4279 296 4337 rationo
314 4282 447 4355 graecae
463 4284 692 4356 grammaticae.
727 4284 807 4362 Lipa.
825 4284 914 4340 1805.
937 4303 964 4357 p.
982 4287 1041 4339 tta
1056 4292 1087 4339 et
1101 4284 1171 4338 146.
