2836 4852
291 82 305 113 t

215 349 273 412 un
294 324 495 407 nonnum
516 341 660 406 nnsuo
682 341 738 404 ru
758 340 840 405 vnn
860 344 974 409 utun
996 332 1085 410 suo
1107 348 1171 451 nn.
1198 332 1274 422 51‘

160 522 276 596 dmm
300 517 394 589 illud
415 514 550 604 nereio,
575 504 777 611 preterlerne
797 518 877 607 tihi,
907 486 955 586 ure
980 521 1116 590 timeum
1131 561 1182 576 -
1196 547 1256 614 ne,

160 651 232 698 erem
248 621 400 709 verteris,
419 642 489 686 noa
505 616 632 686 habeor
650 619 718 686 ium
728 614 829 717 'guod
844 646 954 690 orirer.
978 619 1101 693 Valer.
1114 621 1254 715 M.lx,
1351 659 1364 721 s
1380 644 1386 701 ,·

161 724 197 799 5.
215 736 289 797 ext.
305 722 348 794 5.
390 719 612 815 Atropuuter
619 747 631 810 3
650 760 701 774 -
715 731 785 789 tom
804 720 1007 818 delbrmiter·
1026 727 1110 795 vieti
1124 729 1256 796 nescias
1295 737 1304 763 l

161 841 271 901 rhem
291 823 495 895 insolentius
518 824 660 910 dietum,
687 848 734 891 un
757 824 990 918 intpudontius
1009 829 1059 917 ⁷).
1112 826 1256 898 Etenim

166 924 415 1026 orr'hugustea
446 922 588 1020 quidem
618 934 731 995 aetate
757 950 876 996 veram
907 922 1165 1024 ignorationem
1196 956 1258 1001 sen

168 1026 410 1128 dubitationem
436 1052 500 1121 per
531 1024 760 1097 bimembrem
787 1028 1099 1127 interrogationem
1126 1032 1260 1129 signifi·
1331 1040 1349 1121 .'

122 1224 124 1229 Ι
167 1159 256 1224 etus,
284 1157 355 1202 non
373 1129 441 1199 uisi
463 1127 652 1223 posteriori
670 1127 828 1200 membro
849 1132 1134 1229 interrogationis
1157 1138 1279 1231 prae·¹

122 1232 125 1317 l
164 1235 295 1334 figitur,
332 1256 424 1329 quae
459 1231 489 1299 si
523 1230 672 1325 simplex
703 1240 776 1320 est,
815 1241 932 1303 tamen
966 1260 1031 1330 pro
1062 1237 1259 1330 posteriore

122 1322 126 1413 i
162 1337 433 1432 interrogatione
458 1330 620 1403 habenda
644 1341 710 1423 est,
739 1337 946 1427 praesertim
973 1339 1015 1426 si,
1042 1339 1159 1431 specie
1183 1328 1258 1409 tan*-

122 1418 127 1531 ξ
160 1449 230 1511 tum
255 1435 480 1513 dubitationis
504 1444 587 1531 post
612 1436 726 1505 nescio
752 1446 910 1520 servata,
947 1439 1123 1533 posterius
1141 1446 1255 1509 mem·
1365 1466 1368 1473 ·

238 1660 326 1717 letius
339 1671 417 1734 petet
429 1669 457 1714 et
470 1648 648 1732 frequentior
657 1667 710 1727 est,
732 1659 931 1731 communique
942 1656 1053 1715 honesti
1066 1679 1148 1718 reuru
1164 1663 1258 1718 minus

242 1745 425 1815 detestabilis,
447 1745 484 1801 ad
507 1739 629 1823 priorem
651 1753 759 1816 partem
783 1733 1016 1820 interrogationis
1037 1737 1136 1802 Cicero
1158 1764 1257 1819 ruper-

122 1824 127 1843 '
244 1830 451 1900 biam-reiecit,
475 1846 510 1886 ex
529 1831 610 1885 cuius
632 1829 1009 1902 oppositioneerudelitutir
1030 1832 1151 1901 vitium,
1181 1831 1257 1906 quod

244 1916 381 1988 requitur,
404 1916 512 1990 aliquid
535 1913 622 1970 refert
644 1915 673 1968 iu
696 1913 862 1972 deteriorem
884 1924 991 1987 partem
1015 1914 1155 1988 ponderis.
1200 1914 1257 1972 Sed
1346 1955 1352 1974 s

244 2010 335 2057 tenen
357 2010 390 2056 ut
412 2011 562 2074 appareat,
598 2017 649 2055 eur
670 2000 793 2072 primunr
816 1998 849 2053 de
871 1998 1039 2057 crudelitate
1062 2001 1154 2056 dicere
1178 1994 1257 2074 velit,

242 2083 325 2140 buius
340 2086 407 2142 vitii
423 2085 727 2162 castigationenr,·iam
750 2085 812 2157 ipsa
834 2074 1020 2141 collocatione
1042 2087 1072 2141 in
1094 2087 1258 2143 ordinandis
1360 2140 1364 2146 ,

236 2170 302 2226 istis
330 2171 410 2227 vitiis
437 2171 485 2226 red
515 2171 608 2225 minue
636 2179 736 2243 aperte
763 2182 925 2243 expressam
952 2172 1047 2227 verbis
1068 2171 1173 2228 additis
1187 2174 1258 2254 sine

237 2255 326 2312 dubio
348 2267 401 2312 etc.
425 2258 528 2312 elarius
550 2256 703 2329 eloquitur.
757 2274 759 2279 ·

175 2360 209 2438 7)
242 2356 348 2414 ibidem
373 2358 538 2416 llandius
560 2376 587 2432 p.
599 2357 669 2412 313.
688 2374 733 2411 me
749 2374 858 2412 errasse
877 2357 956 2427 dicit,
972 2323 1028 2431 *qui
1040 2352 1137 2414 ¹Valcr.
1150 2356 1189 2415 ll.
1202 2358 1257 2432 lX,

238 2444 268 2500 5.
282 2454 341 2500 er'rt.
355 2445 384 2500 3.
406 2443 529 2500 seeundo
548 2443 612 2499 leco
629 2443 747 2520 gravius
769 2453 797 2497 et
817 2443 986 2497 insolentius
1010 2444 1076 2515 poni
1095 2445 1258 2500 existimas·
1367 2471 1370 2475 ·
1389 2502 1394 2509 ,

237 2547 306 2585 sem.
352 2529 427 2595 Quid
449 2524 538 2586 verul
560 2533 617 2582 non'
631 2528 787 2581 'existimes
808 2528 838 2582 in
862 2528 942 2583 vitiis
964 2529 1147 2583 insolentiam
1166 2530 1259 2602 impu-

237 2612 338 2670 dentia'
363 2609 602 2688 praeponderari?
634 2613 726 2683 Atque
748 2610 805 2668 Cic.
825 2612 860 2667 ad
882 2610 980 2666 Fanril.
1003 2610 1037 2681 ll,
1063 2611 1090 2666 5.
1109 2620 1259 2686 propterea

238 2697 355 2756 ridetur
365 2700 526 2773 scripsisse:
544 2696 649 2772 ,Unum
664 2695 740 2751 illud
751 2698 858 2765 nee‘cio,
879 2695 1066 2770 gratulerne,
1085 2715 1125 2753 un
1140 2699 1259 2756 timeum

239 2783 511 2861 (contineamur,
544 2802 583 2838 on
605 2777 757 2861 gratuler)
781 2780 855 2855 quod
879 2783 984 2837 usitata
1006 2780 1162 2858 gratulatio
1185 2785 1260 2844 cedit

130 2907 133 2912 -
237 2868 353 2940 timori,
371 2870 430 2944 qui,
453 2876 516 2924 otim
539 2879 613 2925 erret
632 2866 743 2923 domum
767 2868 874 2922 reversi
896 2867 978 2922 emiei
1000 2885 1061 2923 sorr
1084 2868 1259 2943 iniquior'et
1325 2860 1328 2866 ⁵
1378 2934 1380 2947 Ι

196 2996 202 3005 .
235 2954 332 3032 uirgis
349 2953 531 3028 deploranda,
552 2971 636 3028 quum
660 2963 692 3008 ut
708 2952 854 3010 videretur
875 2951 909 3007 de
931 2951 1024 3008 reditu
1046 2954 1258 3031 gratulandum,

235 3057 307 3116 pree
325 3040 435 3101 laetitio
449 3040 574 3096 animum
590 3039 748 3111 occupavit.
791 3035 843 3109 Eg
858 3037 1013 3111 eademque
1033 3040 1121 3095 animi
1143 3038 1260 3099 humani

237 3124 447 3197 constatinus,
485 3142 569 3198 quern
599 3121 782 3194 Boudion,
819 3120 868 3179 nbi
891 3122 1017 3179 defendit
1039 3143 1074 3180 ne
1095 3143 1153 3180 uon
1175 3126 1259 3184 mode

237 3224 325 3286 poen
344 3214 481 3283 rumne,
507 3210 556 3266 sed
579 3211 664 3266 etiem
686 3226 780 3264 nonne
801 3207 978 3285 significare,
1015 3227 1079 3264 curn
1100 3209 1260 3269 addendum

237 3305 331 3366 erret,
354 3292 429 3350 unde
451 3284 563 3385 pesrff,
584 3304 680 3351 utrum
702 3311 814 3368 quoque
837 3294 898 3349 loco
920 3290 1105 3371 signiticaret,
1126 3296 1259 3368 iudicari,

235 3380 388 3458 neglexit,
410 3398 494 3437 ceusu
510 3368 585 3445 'nihi
607 3379 721 3447 ridetur
741 3377 908 3452 repetenda,
929 3397 981 3433 cur
1003 3398 1038 3434 ne
1061 3376 1127 3434 Ter.
1144 3379 1258 3437 Phorm.

236 3463 274 3533 ll,
288 3466 321 3535 3,
338 3466 384 3538 (1.
398 3467 428 3520 in
440 3467 482 3521 ed.
492 3460 603 3540 Bentl.)
618 3465 668 3523 45.
701 3461 762 3520 Sed
782 3464 810 3520 si
828 3465 893 3539 quie
906 3465 996 3537 forte
1018 3463 1138 3519 melitio
1151 3464 1259 3535 fretur

235 3569 295 3609 etta
308 3546 443 3608 Insidiae
456 3552 666 3623 norhuefeeit
680 3548 897 3605 adolescentiae
912 3546 955 3603 Ae
970 3548 1054 3616 eicit,
1077 3556 1260 3608 nostrone

234 3635 353 3714 culpo
374 3655 418 3692 ea
440 3647 510 3704 eet,
532 3656 577 3693 on
600 3635 779 3702 iudicem,
804 3632 964 3707 Quitoepe
974 3633 1259 3710 prepterineide'om

233 3722 375 3781 adimi
398 3720 495 3790 diviti,
516 3721 577 3781 Aut
596 3730 722 3797 propter
738 3716 973 3775 misericordiore
992 3716 1106 3799 adduci
1119 3721 1260 3797 pauperi.

160 3796 168 3809 ¹
233 3807 313 3865 idern
335 3804 494 3887 significet,
525 3806 599 3880 quod
622 3825 727 3863 numne
748 3805 795 3860 vel
817 3821 892 3859 erm.
947 3799 1020 3860 cum
1043 3804 1116 3864 eninr
1138 3816 1257 3878 patruus

231 3900 426 3960 succenseret,
449 3889 586 3949 Phaedria
609 3886 737 3965 speciosa
757 3887 810 3944 hae
830 3886 945 3944 fictione
967 3889 1088 3962 eulpam,
1112 3909 1129 3946 e
1149 3907 1198 3945 reo
1220 3891 1256 3947 rd

231 3977 349 4036 iudicer
370 3980 525 4048 convertit,
554 3978 604 4052 qui
625 3976 735 4034 invidia
756 3975 802 4031 vel
823 3974 1017 4030 misericordia
1038 3976 1166 4050 corrupti
1187 3993 1256 4031 eon·

232 4062 410 4121 (terruerint.
451 4060 619 4138 lleudiur
639 4079 708 4120 vero
730 4080 756 4135 p.
769 4060 840 4116 336.
861 4057 956 4131 „Nem
975 4058 1053 4133 quid,
1076 4061 1179 4134 inquit,
1202 4060 1256 4115 im·
1332 4090 1337 4099 ·

231 4146 334 4225 pedit,
365 4150 513 4222 quominus
534 4147 622 4206 verbe
643 4155 785 4204 nottrune
806 4142 895 4223 eulpa
918 4163 954 4201 ee
977 4152 1035 4214 ert,
1066 4163 1106 4200 en
1120 4142 1257 4219 ‘iudicum

230 4236 278 4292 ite
302 4232 488 4304 recipiemur:
515 4251 609 4289 nonne
630 4242 745 4302 nosne,
775 4250 810 4289 au
832 4225 1007 4305 iudicuml“
1043 4227 1164 4302 lmpedit
1184 4245 1255 4285 vero

232 4320 332 4378 totius
345 4317 400 4373 loci
412 4319 486 4376 ratio
497 4329 527 4375 et
538 4317 680 4391 sentenia
692 4315 858 4390 Phaedriae,
879 4312 964 4390 quem
976 4312 1056 4371 decet
1067 4309 1255 4371 considerare.

1220 4424 1242 4455 J
