2836 4852
64 151 100 217 ,ι
133 112 191 187 tt
383 109 690 177 commortuo
711 111 988 205 comumnes

132 288 192 383 qui
218 287 363 375 metuit,
399 282 547 356 dixerit:
598 282 664 354 loir
692 285 792 353 werbe
816 285 959 375 nicht,
1002 288 1045 356 ob
1072 312 1113 359 er
1146 288 1238 360 oiebt

133 388 288 463 kootmea
311 388 414 458 wird.
469 386 591 457 Latini
614 386 787 456 sermonis
814 383 952 457 diversa
974 386 1064 459 ratio
1092 399 1160 461 est.
1281 384 1284 389 ’

26 486 30 493 ’
232 488 275 561 Si
300 491 379 586 quis
404 513 490 559 vero
512 487 625 558 videri
650 486 769 558 mallet
793 490 946 578 nescire,
972 490 1057 586 quid
1083 501 1235 563 statuen-
1268 486 1282 513 ⁴

132 591 228 681 dum,
257 616 361 688 quam
387 588 620 663 confidentius
641 589 812 660 affirmare
831 589 926 688 quod
947 619 992 664 ne
1017 592 1237 689 exploratum

73 706 75 711 ’
130 693 272 792 quidem
301 719 379 765 esse
405 701 545 790 posset3
582 702 746 787 apparet,
785 717 848 762 cnr
873 694 1060 766 treudacio
1091 723 1139 766 en
1164 694 1236 792 pla·

113 799 262 887 cuerit,
292 793 390 891 quod
417 796 608 866 Terentius
634 796 780 892 egregie
807 795 1058 891 iuterpretatur
1083 796 1265 870 Phorm-

129 899 179 989 Ὺ,
208 896 249 988 2,
276 897 316 968 9.
548 946 552 955 -

154 1000 272 1071 Dem.
313 998 434 1070 Etiam
459 999 541 1069 idne
566 997 761 1070 debitunt?
1184 1070 1188 1079 ,

142 1099 279 1174 Geta.
307 1101 420 1172 Haud
434 1102 504 1172 scio
521 1101 651 1190 berete,
665 1111 704 1171 ut
718 1100 865 1190 herimot,
880 1125 927 1170 on
942 1111 1051 1172 ureret
1066 1104 1230 1173 aninmm.

154 1204 205 1275 D.
250 1203 361 1294 Hem,
389 1214 498 1295 mutet
519 1202 657 1288 antemi

155 1304 204 1377 G.
247 1302 397 1391 Nescio:
426 1330 566 1395 vermen,
593 1307 626 1375 ci
647 1303 760 1402 sorte,
789 1304 880 1373 dico.

128 1407 197 1478 Est
222 1410 315 1479 enim
340 1410 505 1506 negativa
529 1404 701 1502 particula
726 1400 903 1502 baud21)
928 1429 950 1473 a
969 1407 1040 1475 scio
1064 1406 1234 1499 seiuncta,

130 1536 210 1582 cum
236 1537 307 1607 quo
333 1509 444 1582 verbo
471 1509 602 1582 coaluit
627 1534 699 1580 reon
728 1506 787 1578 vel
815 1531 876 1577 occ
901 1507 939 1574 in
966 1508 1103 1601 mescio3
1147 1528 1253 1607 quq·

129 1614 325 1703 seiunctio,
364 1624 611 1709 praeterquam
646 1609 742 1706 quod
774 1609 873 1678 baud
903 1632 969 1704 per
1002 1617 1040 1679 s‘e
1073 1619 1128 1680 est
1152 1610 1237 1683 eben

130 1716 245 1805 reiciat,
288 1714 385 1785 wobl
409 1715 525 1805 eiciat,
567 1713 611 1783 ad
638 1711 896 1782 simulationem
923 1711 1157 1809 ignorationis
1181 1710 1236 1785 vei

131 1812 177 1885 ad
202 1815 498 1915 significationem
525 1815 721 1887 cunctantis
748 1814 822 1883 sive
847 1811 1046 1884 fluctuantis
1069 1840 1237 1887 verecun-

131 1916 230 2009 diae,
260 1929 519 2014 comparatum,
555 1919 660 1989 ctiam
686 1912 906 1987 commodior
933 1925 1010 2006 est,
1042 1915 1236 2016 siquando

373 2080 376 2087 r

75 2276 81 2301 ἱ
130 2203 188 2289 21)
215 2206 261 2266 Dc
282 2210 394 2287 origine
416 2220 444 2265 ct
465 2208 676 2283 significatione
699 2205 854 2280 particulae
881 2204 964 2264 baud
983 2206 1030 2266 vei
1057 2202 1132 2264 baut
1158 2201 1237 2289 (με

215 2296 321 2372 passim
349 2297 379 2350 in
410 2294 535 2367 antiquis
563 2291 709 2349 codicibus
736 2288 919 2370 scribitur“)
946 2290 1004 2350 uid.
1026 2289 1156 2350 Beieri
1178 2290 1236 2350 Ex·

134 2447 138 2457 q
216 2400 289 2437 curs.
304 2380 337 2436 ii.
360 2380 394 2437 nd
419 2379 544 2436 Laelium
567 2378 659 2454 §.12
682 2377 730 2432 cui
750 2387 836 2446 „orta
857 2378 973 2435 videtur
994 2395 1030 2432 ex
1047 2377 1158 2436 Gracco
1176 2374 1238 2438 etti

214 2469 260 2524 vei
284 2461 358 2534 mire,
396 2477 425 2521 et
446 2467 541 2521 nescio
565 2463 634 2539 quid
656 2462 834 2518 dubitativae
861 2464 1092 2520 exieturnationis
1116 2466 1236 2522 ammix-

216 2566 276 2609 tum
298 2551 393 2622 habct,
416 2562 449 2608 ut
465 2549 524 2606 iere
541 2552 637 2608 valeat
647 2571 692 2599 =
707 2566 743 2605 ne
757 2580 795 2589 —-
811 2548 926 2623 quidem
938 2574 981 2602 =
998 2566 1055 2605 uon
1070 2549 1185 2623 facile,
1205 2560 1238 2609 ut

216 2636 349 2714 equidem
372 2637 579 2693 existumo:
592 2632 828 2714 porum‘utique
845 2660 889 2688 =
904 2635 959 2692 oie
980 2653 1017 2690 ae
1040 2653 1076 2691 ne
1088 2633 1153 2702 ,eit
1175 2639 1238 2715 qui·

216 2723 280 2779 dem
294 2748 338 2775 =
349 2720 420 2778 eben
435 2717 548 2777 niebt.“
565 2754 603 2765 -
633 2718 730 2776 Haud
744 2720 804 2774 ecio
822 2738 861 2778 an
875 2744 918 2771 =
932 2722 1028 2778 ausim
1047 2719 1238 2781 ἄοινοι-ιιι

214 2807 346 2886 equidem
358 2805 586 2895 sentio=quqd
599 2804 770 2880 intellegam
779 2830 819 2857 =
830 2816 863 2862 et
877 2808 942 2862 ocri
955 2805 1050 2863 simile
1056 2807 1110 2879 fit.
1133 2806 1239 2867 Nescio

213 2906 294 2961 vero,
318 2893 422 2967 inquit,
446 2903 489 2947 ert
501 2915 544 2942 =
559 2910 615 2946 non
629 2899 679 2948 aot
694 2891 763 2947 acio.
793 2889 870 2948 Hinc
883 2890 943 2951 Cic.
957 2891 991 2948 ΙΙ.
1005 2892 1130 2963 firmo.
1143 2894 1239 2954 iunxit

214 2980 330 3036 nescire
353 2985 382 3033 et
403 2977 434 3032 in
458 2996 490 3032 eo
513 2981 651 3033 nutare.“
696 2975 768 3033 Nem
791 2981 906 3056 negatio
929 2991 964 3035 ‘ne
986 2995 1023 3032 ex
1037 2979 1240 3039 eiusdemi'iri

216 3064 242 3124 d.
259 3064 371 3136 iudicio
394 3063 561 3135 simpliciter
583 3061 669 3117 habet
685 3058 744 3118 vim
763 3063 936 3136 privativam
947 3086 991 3113 =
1004 3086 1031 3122 m
1044 3098 1083 3108 —
1098 3064 1137 3142 (c.
1151 3085 1196 3145 gr.
1209 3068 1239 3123 iu

196 3159 198 3165 '
213 3168 276 3214 voc.
286 3143 464 3229 νέποόιςᾷε
476 3171 507 3221 νη
523 3183 561 3192 -
574 3170 618 3198 =
634 3143 680 3204 dvc
694 3182 732 3191 -
745 3171 789 3197 =
802 3144 835 3207 ἄν
846 3172 890 3201 =
903 3148 960 3206 obre
973 3172 1017 3201 τε
1032 3168 1072 3206 un
1086 3176 1131 3204 =
1147 3154 1179 3208 t're
1191 3185 1239 3208 ·—.

214 3236 389 3303 Quibuscum
405 3234 569 3292 conferetur
580 3232 632 3289 Ru
642 3233 668 3289 d.
682 3231 977 3312 Stuercnbnrgii
996 3233 1208 3295 Commentatio
1218 3237 1249 3295 Ι..

214 3319 300 3401 (quae
323 3332 366 3378 est
389 3320 507 3377 editioni
522 3316 613 3375 Cicer.
632 3319 666 3375 de
689 3318 788 3376 officiis
811 3320 922 3399 addita)
944 3319 979 3376 dc
1001 3322 1143 3394 particule
1164 3321 1241 3381 bunt

212 3427 240 3482 p.
253 3410 328 3484 ³126.
343 3426 402 3482 scq.
425 3408 475 3481 qui
495 3406 715 3480 „pierumquc“
741 3406 772 3463 in
793 3405 938 3462 codicibus
960 3406 1168 3480 antiquissimis
1191 3412 1241 3467 in·

212 3506 332 3551 ventum
354 3490 429 3571 baut
450 3503 545 3549 ortum
568 3502 651 3565 putat
672 3510 708 3547 cx
733 3488 816 3565 cipite
837 3492 887 3548 iiio
909 3491 1053 3565 privativo
1076 3504 1164 3550 etex
1187 3505 1239 3569 ut‚·

216 3579 273 3634 dici
295 3580 385 3652 igitur
406 3574 481 3634 baut
503 3596 554 3652 pro
571 3585 625 3653 eut
641 3576 818 3634 discernendi
836 3577 940 3656 gratia.
983 3575 1078 3633 Inesse
1096 3591 1193 3637 numm
1209 3583 1241 3638 in

207 3665 333 3719 notione
354 3670 388 3719 ut
411 3681 460 3735 pro
483 3671 550 3719 utut
570 3664 625 3720 wie
646 3660 722 3718 auch
749 3660 980 3732 fluctuationem,
1016 3674 1050 3720 ut
1076 3664 1153 3722 idern
1181 3666 1242 3724 fere

215 3747 359 3825 significet
380 3745 472 3814 baut,
495 3744 571 3822 quod
593 3766 650 3805 nen
664 3749 785 3823 ferme,
808 3748 838 3804 id
860 3759 903 3804 est
925 3745 1007 3806 nicbt
1029 3748 1116 3809 eben:
1139 3748 1243 3811 Heu·
1273 3792 1279 3807 ,

217 3828 305 3889 dius'
328 3833 359 3888 in
381 3830 466 3889 Tura.
480 3831 503 3891 i.
525 3852 551 3907 p.
571 3833 643 3893 319.
666 3832 798 3892 boudin
818 3832 874 3890 hec
895 3834 1009 3908 quidem
1032 3834 1156 3894 formula
1178 3856 1243 3896 earn

218 3918 416 3976 tantummodo
433 3919 492 3974 vim
508 3936 646 3993 occupare
660 3920 817 3988 existimet,
838 3931 871 3977 ut
893 3921 1009 3998 negatio
1031 3922 1096 3996 ipsi,
1119 3925 1167 3980 cui
1190 3922 1243 3982 ad·

217 4003 306 4079 ditur,
328 4005 435 4062 nomini
457 4003 613 4060 inhaereat·
625 4014 654 4060 ct
671 4022 737 4062 cum
751 4023 784 4075 eo
798 4022 883 4061 unam
898 4006 1056 4064 constituat
1078 4009 1241 4068 notionem:

137 4160 140 4165 Ι
218 4107 302 4165 quom
323 4089 442 4147 eandem
463 4107 525 4146 esec
546 4091 685 4147 rationem
706 4092 737 4148 in
755 4090 843 4148 verbo
865 4090 987 4148 nescire.
1093 4162 1096 4167 Ι
