2836 4852
107 246 116 263 ⁹
175 307 232 384 28
267 326 295 358 x.
427 304 729 371 confltfflNTATlo
742 304 1029 379 onsnnsrroa

177 480 373 551 simulatam
394 475 507 550 habes
532 477 771 566 inscientiam,
808 474 858 546 de
884 492 953 573 qua
976 503 1060 548 mox
1084 476 1187 547 locus
1213 479 1284 548 erit
1316 548 1323 565 ,

177 578 318 653 dicendi
325 631 337 672 ,
380 605 461 653 cum
494 605 618 651 sensus
650 580 715 649 sit:
760 576 859 648 Nihil
884 593 928 648 eo
954 604 1043 674 opus
1069 603 1147 649 esse
1174 589 1278 674 puto.

176 682 255 756 Nec
279 709 361 754 raro
387 692 468 778 post
494 677 627 771 neseio,
663 705 734 749 non
759 681 844 750 item
867 691 949 775 post
973 682 1070 750 bared
1094 681 1185 770 scio,
1216 679 1281 752 du·

176 777 259 882 plex
284 785 536 882 interrogativa
558 781 728 877 particula
747 781 804 851 vel
825 781 929 876 plena
943 781 1188 880 interrogatio
1214 808 1280 878 per

176 899 393 975 utinm-nn,
434 884 492 956 vel
518 894 662 975 ne·nit,
713 882 767 953 vel
793 909 836 954 ne
863 895 921 953 aut
947 911 993 953 nn
1018 886 1055 953 in
1080 887 1280 977 posteriore

76 975 79 986 ¹
174 998 310 1059 tantum
336 999 436 1083 parte
461 984 645 1056 indicatur.
674 1013 709 1055 v.
738 983 817 1056 Cic.
846 983 951 1056 Orat.
978 984 1046 1074 47,
1075 981 1194 1080 158.;
1236 984 1302 1067 de,

177 1089 361 1180 Orat'Il,
389 1086 454 1178 15,
483 1085 552 1161 56.
580 1100 621 1158 nt
645 1084 777 1157 nescias
801 1098 917 1157 rrtrnm
943 1114 1000 1158 res
1025 1087 1204 1176 oratione,
1232 1115 1280 1159 an

177 1194 283 1265 verba
303 1192 481 1262 sententiis
501 1190 732 1260 illustrentur.
763 1188 860 1259 Plin.
876 1190 1016 1287 Paneg.
1036 1185 1104 1258 dl.
1147 1189 1279 1261 Nescio

177 1296 261 1386 iarn,
290 1295 405 1365 nescio
421 1292 646 1389 pnlclnt‘nsne
661 1293 706 1361 sit
722 1290 826 1380 illud,
854 1293 948 1389 qnod
958 1301 1148 1388 praeeunte
1162 1289 1278 1382 nnllo,

178 1423 225 1468 an
253 1396 338 1487 boe,
376 1396 470 1495 qnod
498 1394 569 1465 olio
594 1403 784 1490 praeeunte
813 1394 938 1462 iurasti
953 1389 1004 1492 4).
1072 1390 1149 1482 lta,
1187 1395 1219 1464 si
1244 1404 1280 1465 te

113 1514 119 1528 ‘
178 1497 318 1594 quando
345 1523 365 1569 e
392 1496 528 1568 duobus
554 1498 685 1567 nescire
710 1493 817 1583 dicis,
849 1503 965 1565 utrum
991 1492 1193 1592 eligendum
1219 1496 1279 1587 sit,

178 1625 268 1696 quae
291 1624 374 1671 vera
397 1608 451 1671 est
469 1599 654 1688 inscientia
674 1595 731 1668 vel
753 1593 938 1687 dubitatio,
965 1595 1035 1667 boc
1060 1594 1283 1695 ipsnr'rrgner,

139 1794 141 1801 Ι
176 1699 261 1773 bum
287 1703 418 1773 nescire
442 1703 588 1799 proprie
614 1709 766 1772 estnon
790 1699 897 1794 satis,
940 1723 1013 1771 nou
1045 1708 1142 1771 certo
1172 1700 1307 1795 scires·

1315 1806 1323 1837 l

199 1954 234 2041 4)
263 1957 350 2016 Hunc
372 1957 460 2015 Plinii
479 1961 583 2031 locum,
605 1961 634 2015 in
651 1955 707 2034 quo
721 1977 818 2016 veram
832 1957 1047 2027 dubitationem,
1070 1978 1141 2034 quae
1156 1958 1191 2016 ad
1212 1979 1285 2018 neu·

193 2049 211 2071 ’·
258 2056 338 2102 tram
361 2056 468 2117 partem
490 2045 658 2114 inclinaret,
691 2062 751 2098 esse
774 2043 849 2113 dixi,
872 2043 1040 2102 Handius
1062 2048 1092 2100 in
1115 2042 1241 2102 Turseli.
1262 2044 1285 2103 l.

263 2129 378 2202 125313.
391 2147 448 2203 seq.
463 2129 541 2196 ¹falso
555 2129 643 2185 tradit
657 2148 701 2183 me
714 2128 749 2184 ad
765 2131 884 2185 alterum
900 2149 991 2207 genus
1008 2128 1183 2186 adhibendae
1199 2129 1286 2188 buius

264 2208 412 2282 formulae,
435 2214 468 2269 de
492 2230 547 2288 qao
570 2215 653 2288 paulo
675 2224 742 2287 post
762 2213 887 2283 dicetur,
909 2217 1054 2285 retulisse,
1077 2217 1159 2288 quasi
1181 2216 1287 2271 existi-

265 2317 371 2354 marem
401 2297 523 2354 Plinium
552 2317 702 2374 quaerere:
740 2318 807 2354 nnm
831 2298 986 2376 {salobriam
1014 2299 1108 2370 istud,
1148 2303 1189 2357 cn
1211 2299 1287 2359 boc?

264 2385 341 2457 quod
357 2383 476 2458 denique
489 2384 579 2441 soret:
603 2403 659 2440 non
681 2383 763 2440 istud
777 2394 822 2440 est
840 2384 1005 2462 pulchrius,
1028 2385 1081 2442 sed
1095 2383 1155 2441 boc.
1188 2385 1211 2441 A
1228 2405 1287 2462 que

263 2470 498 2542 interpretatione
514 2479 624 2524 tantum
641 2469 728 2538 ablui,
752 2480 888 2543 (lunatum
901 2472 935 2526 ab
950 2489 992 2540 ea,
1016 2490 1098 2545 quam
1119 2469 1287 2529 Handius
1316 2501 1318 2507 2

264 2557 409 2628 requitur:
440 2574 532 2610 nonne
551 2544 707 2631 pulcinico
729 2555 826 2624 istud,
857 2554 990 2612 andree?
1026 2555 1100 2630 qrrod
1123 2558 1288 2629 exemplum

264 2658 324 2695 esse
339 2641 431 2696 voluit
441 2633 663 2713 ⁴praeoccupatae
679 2639 891 2696 affirmationis
926 2641 963 2713 At
979 2640 1090 2721 Pttntpr
1099 2658 1193 2715 neque
1208 2638 1288 2698 affir-

264 2735 324 2780 mat
346 2743 436 2797 neque
458 2737 558 2802 negat3
589 2724 637 2780 sed
662 2745 691 2779 se
713 2745 779 2780 vere
802 2731 923 2795 nescire,
948 2708 1210 2802 utrumsspu'lolirius
1235 2747 1289 2784 ex-

265 2809 381 2879 istimet,
404 2828 461 2865 non
483 2810 566 2864 morlo
589 2812 709 2883 repetito
728 2808 812 2865 verbo
830 2813 931 2867 nescio
949 2811 1103 2882 indicavit,
1124 2810 1176 2869 sed
1199 2813 1288 2870 etiam

265 2913 290 2953 e.
315 2894 363 2948 63.
386 2894 609 2951 antecedentium
641 2896 797 2968 principum
827 2898 1038 2969 eonrpamtione
1066 2907 1094 2951 et
1122 2914 1146 2951 c.
1166 2896 1216 2950 64.
1241 2899 1287 2954 ἰη-

266 2979 364 3050 primis
387 2979 480 3033 verbis
510 2975 681 3055 insperatam
701 3012 738 3020 —
763 2982 847 3036 stetit
876 2990 946 3037 onte
974 2984 1117 3056 gremium
1146 2982 1288 3042 consulis.

264 3061 425 3136 Utrumque
446 3065 665 3145 igituwariter
687 3065 851 3120 admirabile
874 3087 933 3122 esse
956 3066 1110 3123 iudicavit:
1124 3068 1161 3120 in
1182 3085 1241 3140 quo
1261 3073 1289 3126 ei

264 3147 345 3204 verbi
360 3149 486 3223 *praeire
509 3143 593 3203 lusus¹
610 3150 723 3221 placuit.
776 3148 940 3208 Perversam
964 3153 998 3206 ab
1022 3149 1170 3231 Haudio
1192 3170 1287 3211 meam

265 3234 434 3288 sententiam
453 3233 511 3288 vidi
530 3235 615 3288 etiam
639 3253 666 3307 p.
679 3235 751 3290 323.
775 3236 820 3290 ubi
839 3237 874 3291 ad
889 3235 948 3307 Cio.
964 3237 997 3292 de
1012 3235 1092 3292 Ollio.
1106 3234 1155 3306 lll,
1173 3238 1222 3312 12,
1236 3241 1287 3297 50.

264 3335 328 3372 cunr
352 3317 500 3373 edidissem
523 3329 551 3374 et
574 3317 760 3374 defendissem
784 3321 897 3378 daliter
920 3315 1006 3400 trirp're
1035 3324 1092 3392 sit,
1128 3340 1168 3376 nn
1197 3330 1288 3403 turpe

266 3403 388 3473 nonsit,
411 3402 526 3458 candem
550 3401 696 3483 mihi-eum
720 3404 852 3462 Beiero
875 3408 976 3463 tribuit
999 3409 1148 3464 lectionem
1171 3405 1289 3468 dubitet

263 3509 304 3546 nn
327 3498 413 3565 turpe
436 3488 485 3558 eit,
509 3509 548 3546 an
568 3480 657 3565 turpe
681 3510 736 3547 non
759 3495 806 3547 sit.
851 3494 942 3548 Verne
961 3498 1009 3547 seu
1025 3495 1055 3547 in
1072 3503 1202 3547 neutram
1220 3514 1290 3568 par-

262 3589 320 3632 tem
335 3575 499 3633 inclinantis
513 3576 698 3632 dubitationis
712 3581 870 3651 exemplum
885 3575 1019 3634 esse'Cie.
1034 3574 1118 3632 Tusc.
1132 3576 1153 3646 l,
1167 3577 1218 3649 25,
1235 3584 1287 3638 60.

263 3650 367 3718 onirnn
389 3663 429 3716 sit
452 3662 578 3730 animus,
601 3662 729 3737 ignisne,
752 3664 858 3720 nescio.
882 3665 941 3735 ipse
955 3660 1054 3718 Cicero
1077 3661 1198 3718 affirmat
1219 3685 1289 3723 ver-

263 3746 308 3802 bis
329 3746 555 3818 insequentibus:
588 3767 641 3804 nec
663 3766 706 3804 me
724 3748 834 3826 pudet,
864 3757 897 3803 nt
919 3749 1008 3816 istor,
1036 3744 1323 3829 Ῑιιίοιῑέ-προφήνας-ἰ.ζ

265 3829 343 3908 quod
363 3831 502 3901 nesciam,
526 3841 554 3887 et
577 3837 747 3919 paulppport
768 3836 831 3890 sive
846 3834 948 3890 enimn
970 3836 1032 3891 sive
1055 3832 1134 3909 ignis
1156 3834 1197 3889 eit
1220 3832 1323 3894 arri-'³⁵⁸'

265 3932 338 3972 ntus.
383 3911 440 3968 Sed
467 3927 562 3970 tamen
591 3928 705 3990 propter
732 3919 857 3993 ipsorum
887 3920 1089 3976 vocabulorum
1116 3919 1235 3978 animae
1260 3935 1290 3981 et

267 3999 362 4057 animi
382 3998 598 4056 similitudinem
628 3996 742 4075 propius
763 4014 824 4059 erat
854 4016 882 4060 et
911 4006 1005 4078 aptius
1027 4005 1068 4059 sic
1089 4004 1177 4060 verba
1198 4009 1290 4066 collo·

90 4134 93 4141 .
162 4089 165 4093 ’
266 4103 341 4154 care,
365 4084 498 4157 priusque
519 4086 652 4155 animam,
675 4105 759 4160 quam
779 4089 885 4165 ignem,
909 4107 1135 4146 commemorare.
1180 4089 1291 4154 Beie-

264 4188 328 4228 rur
350 4169 382 4228 in
403 4168 474 4227 Exo.
491 4167 525 4226 ll.
548 4168 682 4227 adbeel.
705 4191 732 4246 p.
749 4175 820 4232 203.
843 4172 958 4250 ignitae
981 4173 1113 4247 praefert.
1163 4173 1291 4252 ignisne

209 4258 211 4271 '
265 4266 342 4314 recte
364 4252 491 4312 defendit
512 4254 679 4315 Ochsner
700 4257 799 4337 Eclog.
817 4256 875 4341 qia.
904 4258 1005 4317 'l'urici
1022 4259 1112 4321 1828.
1134 4281 1160 4337 p.
1174 4263 1230 4321 te„
