2836 4852
571 300 863 396 rneunnmoss
967 302 1003 332 ⁸
1188 358 1268 417 4,

140 497 392 599 ιιιΙιιιιιίιιιιῖ,
433 503 559 602 cuique
584 494 851 603 Programmati
880 503 1018 580 adiecta
1047 508 1281 605 praetermitf,

156 632 294 715 mrem,
337 619 428 694 illud
456 623 666 718 retinerem,
708 624 806 723 quod
833 624 1018 700 videbatur
1050 627 1097 699 ad
1129 654 1268 724 omues,

155 744 218 842 qui
243 768 326 816 cum
351 741 568 842 philologiae
593 751 679 818 tum'
694 745 926 821 scholasticae
948 748 1159 821 institutioni
1184 774 1269 848 ope·
1324 786 1328 793 ·

154 889 235 936 ram
261 861 409 956 darent,
436 865 629 960 pertinere.
683 866 733 938 Et
759 869 924 965 qnoniam
951 866 1139 941 duodecim
1162 865 1288 942 Com-⁴
1327 866 1329 871 ’

154 986 395 1058 mentationes
420 986 672 1084 grammaticae
696 1011 769 1057 non
794 989 971 1089 continuis
993 985 1142 1069 totidem
1168 989 1269 1060 annis
1349 999 1353 1004 ’

154 1106 462 1201 conscripseram,
509 1105 574 1178 sed
598 1105 874 1202 Prolusionum‘,
919 1133 1010 1206 quae
1043 1110 1132 1180 varii
1163 1134 1269 1209 argu·

154 1226 267 1297 menti
293 1234 399 1318 sunt,
441 1225 595 1323 aliquam
621 1224 770 1298 subinde
795 1228 1095 1324 interposueram,
1136 1231 1175 1321 in
1201 1228 1270 1311 buc

155 1342 311 1418 editione
352 1346 495 1418 seriem¹
517 1344 862 1418 Commentationum
900 1349 1209 1447 grammaticarum
1247 1373 1269 1420 a

153 1461 411 1536 Prolusiouum
434 1463 558 1537 ordine
581 1466 768 1564 seiungere
792 1466 939 1564 placuit.
989 1463 1162 1541 Creverat
1180 1489 1267 1542 vero
1342 1490 1343 1495 ’

155 1580 503 1668 Commentationum
533 1612 722 1679 numerus,
766 1584 855 1658 cum
870 1583 1017 1657 alteram
1042 1587 1144 1661 alteri
1169 1586 1268 1662 addi·

154 1701 303 1798 disscm,
330 1731 405 1778 uon
425 1715 523 1779 certo
547 1705 672 1779 ordine
695 1716 957 1802 praeparatam,
985 1704 1050 1778 sed
1072 1708 1103 1778 'si
1125 1706 1268 1806 mando

156 1823 198 1893 in
228 1822 324 1897 huuc
355 1825 414 1899 vel
444 1824 543 1915 illpm
574 1828 823 1927 grammaticae
853 1823 1034 1899 doctrinae
1066 1824 1184 1899 locum
1214 1828 1267 1899 in-
1337 1832 1339 1836 ’

159 1939 340 2038 uideram,
391 1945 510 2044 aliqua
557 1932 775 2046 plerumque
814 1947 1006 2044 cuiuspiam
1047 1936 1129 2021 'Viri
1172 1944 1289 2025 docti

159 2065 332 2153 sententia
369 2065 513 2163 publice
549 2068 753 2164 proposita,
810 2064 854 2141 de
893 2093 963 2165 qua
1000 2064 1267 2164 disceptandum

154 2166 355 2277 videretur,
382 2196 593 2284 permotus.
653 2184 837 2261 Interdum
867 2187 992 2280 etiam,
1034 2197 1075 2258 ιι
1108 2213 1187 2260 cum
1222 2186 1267 2261 de

96 2384 98 2389 ,
154 2301 331 2401 gerundio
357 2317 395 2378 et
419 2309 545 2404 supino
573 2305 659 2404 quid
682 2287 891 2398 statuerem,
920 2307 1162 2403 scripsissem,
1192 2315 1269 2381 erat

152 2449 240 2498 saue
266 2452 332 2498 cur
357 2429 521 2522 proximo
549 2451 643 2498 anno
669 2425 713 2498 de
745 2426 934 2523 participio
958 2426 1170 2498 Latinorum
1197 2425 1267 2498 dis·

155 2567 333 2618 sererem:
373 2556 410 2620 et
442 2548 609 2646 quoniam
641 2547 747 2618 tertia
772 2544 1080 2619 Commentatione
1112 2545 1267 2643 particu-

152 2659 225 2735 lam
249 2669 302 2775 ci,
329 2666 388 2740 vel
414 2677 540 2765 quarta
564 2667 850 2739 coniunctionem
874 2676 916 2737 ut
938 2664 1165 2761 paucioribus
1186 2691 1266 2739 vcr-

152 2781 211 2856 bis
236 2789 447 2886 attigeram,
487 2787 525 2857 in
550 2795 704 2858 mentem
729 2787 827 2857 venit
851 2785 1013 2883 pluribus
1039 2786 1141 2858 anuis
1166 2794 1264 2891 post,

152 2900 376 2980 Ellendtii
402 2918 439 2980 et
462 2906 633 2981 lltzleri
655 2905 757 2979 libris
781 2904 1023 2999 incitantibus,
1051 2884 1095 2978 de
1115 2903 1266 3013 periodo

151 3023 404 3122 conditionali,
432 3037 507 3100 tum
533 3031 637 3102 etiam
663 3027 764 3099 de
730 3054 766 3098 vr
789 3038 828 3099 et
851 3054 919 3099 neu
944 3024 1202 3099 coniunctionis
1227 3035 1270 3097 ιιι
1333 3088 1360 3101 ..

151 3168 355 3240 exponere,
383 3157 552 3246 quantum
574 3146 798 3222 Wunderi
823 3146 998 3246 sententia
1022 3171 1043 3220 e
1068 3144 1267 3240 Lipsiensi·
1330 3136 1334 3143 ’

150 3260 221 3337 bus
245 3266 433 3340 annalibus
457 3265 585 3364 philol.
614 3269 779 3375 cognita,
815 3265 969 3364 indeque
994 3273 1096 3336 natae
1124 3273 1267 3337 contro·

152 3387 291 3460 versiae
331 3389 423 3461 ratio
466 3396 503 3460 et
539 3412 639 3460 meae
675 3387 877 3484 scriptionis
915 3384 1005 3467 lines
1043 3392 1263 3479 paterentur.

154 3502 356 3580 Moncbaut
380 3508 486 3580 etiam
502 3531 574 3599 ea,
620 3531 711 3604 quae
738 3505 782 3578 de
809 3505 962 3578 Iacototi
987 3513 1023 3575 et
1047 3503 1267 3584 Hamiltonis

153 3627 406 3722 experimentis
437 3638 538 3701 erant
569 3624 717 3717 tradita,
759 3633 799 3696 ut
822 3626 896 3697 xl.
922 3623 1266 3697 Commentationem

153 3745 198 3818 de
222 3749 444 3820 emendanda
469 3750 606 3820 ratione
631 3745 849 3836 scriberem,
893 3768 963 3844 quo
991 3745 1097 3840 pueri
1126 3743 1267 3843 linquae

153 3863 220 3938 lat.
246 3869 441 3966 coqnitionc
467 3869 682 3938 imbueretur.
736 3865 795 3938 De
821 3856 941 3937 biset
963 3863 1043 3936 aliis
1068 3861 1159 3934 lo'cis'
1181 3886 1265 3936 con·

152 3987 348 4060 troversiac
375 3985 539 4059 obnoxiis
567 4010 609 4057 ea
636 3984 807 4077 disserui,
836 4008 927 4082 quae
952 3982 1001 4055 'ad
1026 3983 1079 4054 rei
1103 3991 1265 4053 naturam

152 4102 212 4177 vel
235 4130 340 4177 nsum
364 4110 514 4181 maxime
539 4103 707 4203 putabam
731 4105 924 4200 pertinere.
1005 4161 1008 4169 .
1323 4100 1325 4108 ’

258 4223 363 4316 Quae
405 4224 576 4324 opuscula
617 4224 696 4296 cum
734 4224 948 4299 coniunctim
988 4219 1095 4293 edere
1136 4219 1268 4299 consti·

155 4343 324 4438 missen,
360 4357 506 4443 praeter
531 4341 742 4419 emendandi
770 4368 892 4417 curam
916 4364 1061 4442 operam
1087 4332 1194 4429 dedi,
1232 4345 1274 4411 ut
