2836 4852
1240 52 1320 287 τ’

197 336 255 416 54
448 329 754 399 commento
775 328 1054 395 commemor

200 526 237 588 ct
248 509 356 585 Aroe
369 510 483 607 ipsam
496 493 811 604 interrogationem
826 511 968 594 acuunt,
996 499 1146 573 alterum
1160 496 1208 571 ad
1222 522 1297 599 gra·
1316 556 1319 563 .

200 617 357 707 vitatem,
384 610 533 684 alterum
550 605 595 678 ad
613 607 743 679 curiosi
759 607 866 679 animi
886 603 1182 703 significationem
1200 600 1297 696 (oder
1314 618 1320 699 'j

201 729 309 810 etna,
344 713 433 786 oder
456 707 551 784 wohl
577 734 642 808 gar
664 708 754 801 -i)
790 706 881 780 Ter.
907 708 1042 806 Hecpr.
1062 705 1135 798 lv,
1161 701 1205 798 d,
1233 698 1320 795 di..

201 820 281 893 Cic.
301 845 339 916 p.
360 814 467 887 Balb.
487 810 556 883 25.
579 821 670 882 extr.
712 807 801 906 Are?
826 836 983 882 ouue-
998 836 1110 881 are-
1124 807 1194 880 arri
1215 830 1295 899 „cm
1316 834 1320 885 ·,

201 920 406 995 acerbitate.
471 911 566 984 'l'um
593 911 901 985 animadvertenda
927 910 1108 1008 anaphora
1134 918 1209 998 est,
1223 894 1320 999 imi}

200 1024 263 1097 bis·
287 1032 386 1096 tervo
419 1018 568 1112 repetita
597 1013 770 1113 particula
797 1042 845 1086 are
864 1016 977 1085 Tusc.
995 1014 1044 1107 V,
1072 1009 1143 1104 26,
1170 1008 1240 1099 73.
1257 1004 1297 1081 sd
1313 1000 1320 1021 '⁸

201 1123 283 1198 Art.
301 1124 354 1214 H,
382 1118 423 1191 6.
452 1118 537 1218 quire
558 1119 662 1189 eliam
683 1119 848 1208 dubitem,
877 1142 925 1187 ure
945 1116 1015 1206 bic,
1038 1142 1085 1186 am
1101 1112 1208 1186 Antii
1224 1118 1295 1184 cort·

121 1228 124 1233 ’
199 1228 310 1327 fidum
333 1220 421 1317 (soll
442 1220 504 1292 ich·
523 1217 616 1312 bier,
645 1218 713 1290 soll
732 1218 791 1290 iob
812 1219 850 1290 in
865 1214 1011 1310 A—i)
1026 1221 1101 1312 11).
1139 1215 1315 1312 Denique

202 1325 480 1425 interrogatione
504 1346 617 1419 paene
644 1321 801 1413 sublata,
840 1319 1014 1418 particula
1039 1346 1086 1390 au
1111 1319 1149 1390 in
1173 1312 1320 1416 signifi-ff

205 1432 378 1503 cntionem
403 1424 596 1523 particulae
620 1426 693 1495 sive
718 1422 817 1495 abiit.
846 1421 891 1494 ad
908 1418 989 1493 An.
1003 1418 1038 1514 Ι,
1052 1420 1093 1494 5.
1147 1419 1227 1492 Nos
1250 1402 1320 1501 lid

167 1545 171 1550 ’
205 1545 238 1607 te
260 1534 479 1604 adurensem
502 1526 712 1599 Immundum
735 1535 972 1625 exspectamus
997 1551 1041 1596 cx
1068 1523 1223 1624 quodam
1245 1544 1302 1607 tte·¹

204 1661 322 1726 more,
349 1659 396 1705 arr
418 1657 462 1703 cx
482 1629 607 1702 littoris
628 1630 697 1701 tuis
719 1630 767 1699 od
791 1629 881 1699 ulios
902 1625 1038 1697 missio?
1062 1625 1162 1697 Num
1184 1624 1233 1696 ad
1252 1646 1305 1693 me

90 1796 93 1801 ,
205 1740 249 1811 de
271 1762 313 1810 eo
333 1733 426 1807 stibii
444 1732 625 1830 scripemti.
681 1728 818 1803 Sensus
844 1739 917 1802 est:
953 1729 1095 1819 nescio,
1122 1737 1240 1799 omnm
1262 1748 1306 1798 ex

204 1837 359 1939 quodam
382 1859 540 1926 rumore,
568 1860 616 1905 on
637 1858 682 1905 ex
706 1831 776 1905 litt.
797 1876 845 1886 -
862 1830 920 1906 vel
941 1833 1013 1903 siue
1037 1856 1082 1903 ex
1104 1856 1167 1928 qu.
1186 1856 1220 1901 r.
1237 1827 1306 1899 sioe

205 1969 249 2014 cx
273 1939 343 2012 litt.
366 1938 450 2046 Εἰιι.
474 1935 528 2029 11,
554 1932 624 2026 52,
652 1930 751 2008 lOd.
807 1933 1054 2007 Tbmemtocles
1074 1933 1215 2032 quidem
1234 1936 1306 2025 σις’

209 2155 260 2239 ll)
289 2158 334 2220 cf.
356 2157 480 2216 Beieri
502 2156 624 2217 Excute.
639 2158 675 2216 ad
688 2157 747 2217 Cic.
761 2159 887 2218 Laelium
908 2159 936 2234 ἕ.
951 2161 980 2216 7.
1002 2179 1029 2236 p.
1040 2161 1112 2219 206.
1134 2153 1313 2233 „Sequimur¹

289 2264 360 2305 vero
380 2246 534 2319 scriptores
556 2245 700 2319 propriam
722 2243 932 2303 Particularum
953 2246 1230 2326 interrogativum
1250 2240 1308 2301 vin

289 2349 350 2391 non
370 2339 503 2388 accurate
524 2327 730 2388 discernebant.
779 2329 857 2387 Hine
883 2330 992 2389 factum
1019 2341 1077 2404 est,
1113 2339 1148 2387 ut
1175 2325 1309 2402 ancipitis

288 2415 525 2495 interrogationis
551 2415 678 2474 membre
698 2416 829 2492 opposite
855 2434 914 2474 nou
941 2416 1121 2492 disperarent
1144 2410 1312 2491 ‚Perticalis

287 2501 339 2559 sed
351 2501 435 2577 quasi
449 2496 576 2578 ἀναφορᾷ
589 2497 751 2559 Particulae
769 2520 811 2558 att
832 2503 878 2559 usi
899 2500 969 2560 sosoi
988 2498 1117 2580 pepeup'o‘r
1137 2493 1309 2587 rpcetisendo

250 2654 253 2661 .
288 2588 509 2663 aequipararent
530 2584 605 2646 Plin.
627 2583 696 2644 ltin.
719 2585 794 2644 Vlll.
816 2588 897 2662 epist.
913 2589 960 2644 14.
981 2607 1071 2663 paene
1092 2597 1166 2644 extr.
1189 2583 1311 2656 Quaero

290 2691 340 2732 ort
356 2671 516 2752 postulare
536 2670 701 2745 debuerim,
734 2691 780 2729 an
802 2670 969 2731 obstinere·
1004 2671 1073 2731 Post
1094 2672 1202 2747 duplex
1223 2684 1311 2726 mern·

289 2758 373 2815 brom
401 2777 466 2815 cnm
494 2759 600 2816 iterata
628 2754 775 2815 Particule
801 2777 843 2817 uu
872 2757 988 2816 Curtius
1018 2757 1085 2816 Rnf.
1107 2754 1185 2829 vlit,
1209 2759 1240 2826 s,
1259 2751 1312 2811 tt.

290 2843 385 2901 ntitrrr
404 2842 528 2901 formula
549 2844 581 2900 in
604 2842 740 2920 ambiguo
754 2844 867 2918 fnisse.
911 2844 1021 2902 Gellius
1043 2841 1128 2915 xm,
1155 2841 1239 2925 lffle
1255 2856 1311 2897 on·

220 2942 224 2953 ¹
290 2928 372 3002 cipiti
386 2927 507 3005 quadam
520 2926 665 2984 Ciceronis
681 2931 839 2986 sententia:
862 2929 915 2987 An
937 2938 1092 3007 utrumque
1114 2924 1312 2987 idemtsatm

289 3011 428 3082 uoluerit,
449 3011 558 3070 Fatum
572 3021 661 3090 atque
673 3010 843 3089 Natorum5
863 3049 905 3060 —
928 3035 975 3073 arr
996 3034 1084 3073 vero
1105 3012 1248 3072 diviserit
1267 3028 1313 3069 se·

287 3099 484 3176 puramque,
519 3107 553 3154 ut
574 3096 651 3154 ulios
672 3116 761 3156 cosae
782 3096 904 3158 Natura
925 3098 1200 3176 sermomonem,
1236 3094 1313 3156 aiios

291 3181 409 3256 Fatum,
431 3180 677 3241 considerandum
696 3185 829 3262 equidem
846 3195 930 3266 puto.
953 3196 983 3244 et
999 3185 1136 3244 Handii
1153 3180 1312 3243 Tursell.l.

291 3289 318 3344 p.
331 3270 403 3326 308.
424 3266 520 3341 „Nam
536 3268 641 3343 duplex
660 3287 700 3326 un
722 3272 848 3345 ponitur,
870 3272 920 3329 ubi
942 3283 992 3329 aut
1013 3272 1085 3328 duae
1106 3283 1175 3328 suut
1196 3279 1312 3327 senten·

291 3355 349 3411 tiae
370 3355 417 3410 vel
439 3352 512 3411 duee
533 3355 774 3434 interrogationes
796 3358 886 3414 veluti
905 3358 1041 3427 Quinctil.
1054 3355 1085 3428 5,
1101 3359 1151 3428 lo,
1165 3355 1216 3413 60.
1239 3353 1318 3412 tate·

290 3449 321 3498 et
342 3439 373 3496 in
391 3437 582 3497 deliberando
604 3440 763 3513 intuemur,
785 3451 815 3500 et
835 3444 867 3499 in
888 3432 1009 3500 iudiciis
1031 3441 1073 3500 ad
1093 3439 1170 3499 duae
1193 3459 1244 3500 ree
1264 3456 1312 3498 so·

291 3525 383 3584 lemna
403 3525 532 3599 referre,
556 3525 754 3595 occuluerit,
776 3547 817 3585 err
834 3529 979 3607 poluerit.
1001 3528 1109 3585 ubine
1130 3537 1226 3602 potest
1248 3525 1312 3602 qni-

290 3612 354 3668 ‹lem
375 3602 490 3668 admitti
511 3611 672 3669 disiunctio.
695 3611 776 3691 Virg.
789 3614 857 3670 Aen.
873 3615 901 3686 l,
917 3615 990 3671 329.
1013 3632 1054 3671 on
1075 3608 1188 3670 Pitoebi
1207 3606 1313 3671 soror?

290 3715 332 3754 eu
346 3693 551 3775 Nympharum
572 3698 731 3774 sanguinis
752 3696 832 3755 unu?
853 3698 976 3757 rutubi
997 3718 1048 3776 per
1069 3697 1232 3773 anaphoras
1253 3696 1313 3754 tur·

290 3799 365 3839 meru
388 3782 480 3840 oratio
507 3783 650 3855 escendit,
689 3801 747 3839 non
769 3783 883 3839 diuersa
904 3797 1115 3860 comparentur.
1138 3793 1170 3840 nt
1193 3780 1253 3842 cie.
1274 3778 1314 3840 sd

290 3866 350 3924 Aet.
365 3867 394 3934 2,
408 3868 437 3922 6.
457 3873 525 3912 -“
563 3867 640 3925 idem
651 3867 686 3924 V.
700 3866 738 3926 D.
752 3868 787 3924 de
802 3869 889 3946 locis,
910 3872 960 3945 qui
982 3869 1038 3931 hnc
1059 3869 1204 3944 pertinent
1225 3867 1313 3937 Celsi,

289 3948 387 4022 Plinii,
410 3949 535 4009 Senecae
553 3954 689 4010 aliorum:
712 3950 766 4023 „ln
787 3954 889 4028 quibus
911 3956 1065 4031 scriptores
1087 3952 1226 4012 videntur
1245 3971 1311 4011 ura-

287 4037 362 4095 tioni
384 4036 487 4094 addere
509 4037 635 4117 voluisse
656 4035 829 4095 rhetoricum
851 4040 957 4112 lumen,
979 4052 1008 4097 et
1023 4040 1118 4101 verbis
1140 4056 1310 4115 nunoppu·

288 4122 368 4193 sitis,
397 4120 537 4198 asyndeta
555 4134 590 4177 eo
611 4121 696 4179 modo
717 4122 863 4195 lecerunt,
884 4142 940 4200 qno
961 4143 1014 4182 nos
1037 4125 1175 4197 Germani
1196 4140 1312 4201 quoque

286 4207 381 4267 dicere
402 4184 541 4263 dolemus:
568 4221 601 4262 ee
622 4206 894 4283 iureconsultum,
928 4209 962 4268 oi
986 4227 1018 4268 es
1040 4209 1141 4268 bercer
1161 4212 1226 4287 eei,
1255 4208 1311 4266 mit

279 4292 374 4364 jessen
386 4288 509 4365 soliers,
537 4287 573 4346 ob
594 4290 649 4348 mit
670 4290 771 4351 diuers
793 4291 907 4354 utens
1175 4304 1179 4310 '
