2836 4852
85 294 109 311 ”
149 316 162 335 ·’
221 337 279 415 aa
475 335 780 402 cammerano
802 280 1080 401 catanance

117 578 120 583 ⁴
161 570 165 578 .
225 533 337 609 nepae
353 520 468 582 wmen
482 511 647 609 pcnnst’d
660 511 829 582 oratiorns
844 511 881 581 in
897 508 1111 584 cmnclandc
1128 530 1200 580 non
1215 533 1259 597 aa

225 614 289 701 scd
305 612 345 683 id
359 610 459 684 ltaad
472 615 593 704 eciam,
621 639 669 684 an
687 611 892 709 plurimam.
937 610 980 685 si
997 609 1176 707 duplicem
1195 608 1259 710 ling

156 776 160 797 ,
210 710 316 785 'velis
341 712 670 812 interrogationem,
698 714 775 786 fere
801 715 854 786 sic
879 712 999 786 dicere
1021 711 1165 785 licebit:
1194 737 1258 785 nes

227 813 265 886 id
300 839 413 912 genus
447 842 502 887 or.
536 840 608 887 non
645 814 734 887 nihil
765 815 901 907 valeat,
950 841 995 885 an
1030 814 1234 912 plurimum.

212 916 352 989 'Flacc
372 914 441 1009 26,
470 915 538 990 65.
564 921 662 991 caius
685 943 747 1018 eqo
770 920 918 990 civitatib
943 913 1157 1017 (Massiliae)
1182 918 1259 989 da’ra

230 1044 313 1093 narn
337 1029 442 1117 atque
461 1022 667 1119 pravitatem
690 1045 760 1090 non
784 1021 897 1091 solam
923 1018 1116 1110 Graeciae,
1152 1018 1259 1090 sedit

230 1121 302 1192 scio
330 1146 378 1190 an
402 1123 533 1194 cunctis
563 1125 721 1221 pentibus
753 1123 1030 1218 anteponendam
1061 1123 1195 1212 dicam,
1231 1118 1257 1189 h

230 1219 465 1318 Disciplinam
492 1226 628 1315 nescio,
656 1223 768 1295 soline
787 1221 975 1316 Graeciae,
1004 1248 1050 1294 an
1074 1224 1258 1320 cunctisg

232 1332 351 1420 antep.
381 1322 419 1395 d.
447 1323 583 1398 Contra
615 1324 786 1422 particula
813 1352 858 1397 ne
881 1327 997 1423 primo
1022 1323 1197 1397 vocabulo
1223 1322 1259 1394 ad

232 1435 316 1522 post
348 1426 449 1498 laad
477 1430 570 1521 scio,
612 1429 811 1524 posteriore
844 1428 1123 1527 interrogatione
1158 1426 1259 1526 negle

231 1527 388 1624 priorem
423 1531 537 1626 aperit
562 1528 669 1604 Caes.
694 1529 781 1613 bell.
811 1527 908 1602 Gall.
928 1530 980 1623 V,
1007 1526 1077 1600 iii.
1113 1532 1217 1629 idqae'
1249 1556 1259 1598 ι

148 1671 150 1675 ⁴
234 1631 334 1702 land
352 1627 446 1724 scio,
486 1635 729 1709 tacendumne
751 1635 809 1704 sit.
840 1629 900 1733 (an
925 1657 999 1703 non
1024 1628 1125 1731 mir.)
1158 1629 1204 1701 ad
1224 1650 1258 1727 'q

233 1729 367 1825 locum,
395 1759 475 1805 cum
502 1732 546 1806 de
572 1732 914 1808 nostraefformulac
940 1733 1198 1832 significatione
1222 1731 1259 1803 di

235 1831 319 1904 dum
344 1835 426 1928 crit,
453 1847 687 1909 revertemur.
726 1830 863 1933 *Atque
890 1835 998 1908 etiam
1021 1835 1171 1931 simplex
1196 1832 1259 1908 ver]

234 1937 306 2008 ocio
332 1960 412 2007 oum
438 1964 486 2009 an
511 1940 656 2009 struitur
679 1934 1125 2037 Ter.1‹2un.1v‚7‚120.
1184 1936 1255 2030 Qui

236 2063 395 2136 aitqaue
417 2040 554 2111 iubeam
568 2043 643 2113 sine
665 2043 703 2110 vi
713 2038 849 2137 saciati
873 2062 941 2135 pro
963 2039 1038 2132 Qui
1053 2042 1132 2130 acis,
1162 2049 1259 2111 coact

108 2230 109 2233 Ἴ
237 2141 343 2210 annu
367 2145 421 2229 (ut
445 2151 484 2211 tu
504 2142 697 2234 existimas)
715 2166 763 2211 an
776 2141 829 2238 (ut
844 2165 914 2240 ego
932 2142 1053 2237 spero)
1071 2144 1145 2213 sine
1155 2143 1200 2212 ai
1215 2140 1259 2239 fa

236 2239 332 2315 Hor..
349 2241 419 2330 IV,
435 2241 473 2333 7,
494 2239 557 2315 l7.
605 2242 693 2336 Quis
713 2245 778 2314 ecit
797 2256 843 2314 an
863 2244 1032 2315 adiiciant
1055 2243 1244 2315 hodiernae

237 2344 330 2414 atina
355 2370 508 2417 summae
537 2358 693 2441 tempora
717 2347 758 2416 di
782 2345 923 2441 superii
972 2345 1057 2429 Hoc
1083 2346 1193 2443 igitur
1216 2343 1259 2442 liq

238 2447 352 2529 nescio
368 2473 425 2518 an
455 2448 514 2521 vel
535 2448 635 2519 laad
654 2449 725 2518 scio
754 2473 802 2518 an
825 2448 878 2531 sic
903 2445 997 2538 dici,
1032 2457 1071 2519 nt
1094 2448 1259 2543 omissap

202 2562 204 2567 ’
237 2547 471 2648 interrogatio
497 2576 543 2624 ex
568 2549 738 2622 orationis
763 2574 857 2621 nexu
882 2551 995 2646 possit
1028 2560 1154 2646 sponte
1167 2548 1259 2622 *intel

238 2659 276 2721 et
303 2652 465 2726 attractio
491 2652 665 2752 quaedam
690 2676 764 2725 non
787 2661 859 2725 tam
884 2653 922 2724 in
948 2652 1163 2725 coniunctivi
1187 2677 1252 2724 usu

235 2824 527 2851 m

244 2932 296 3025 14)
325 2939 478 3003 Beicrus
506 2921 536 3005 in
559 2967 680 3007 excursu
703 2947 758 3007 Xl.
780 2947 816 3006 ati
838 2947 898 3011 Cic.
921 2947 1003 3006 Offic.
1023 2947 1045 3006 l.
1067 2966 1131 3027 pag.
1150 2947 1222 3004 337.
1249 2985 1258 3017 ,

325 3030 470 3101 „iunctivi
487 3045 596 3106 autem,
615 3036 719 3110 inquit,
742 3037 771 3092 in
794 3033 848 3093 hac
869 3032 993 3092 formula
1014 3035 1255 3091 constructionem

325 3132 469 3186 „mannua
491 3136 541 3192 par
562 3121 763 3176 attractionem
777 3120 919 3196 quandam
934 3120 1069 3193 explicat,
1092 3135 1148 3193 qna
1169 3119 1236 3174 bina
1257 3141 1259 3162 ι

325 3200 424 3272 „ciata
453 3202 483 3258 in
503 3198 597 3260 ‘unum
620 3206 792 3262 coalescunt.
836 3204 871 3262 E.
893 3226 921 3285 g.
943 3204 1013 3261 haec
1034 3203 1102 3262 Nat.
1125 3203 1161 3265 D.
1181 3198 1205 3274 l,
1226 3176 1256 3272 i,

206 3288 210 3294 '
325 3285 536 3361 „perturbatio
557 3292 641 3348 citae
663 3292 805 3368 nequitur.
826 3326 870 3337 -
892 3289 989 3369 Atque
1004 3289 1172 3360 laudicio,
1195 3307 1259 3344 an-

327 3371 444 3441 „cietat
464 3376 585 3451 genecio
606 3362 731 3434 inmani
752 3376 895 3449 tollatur,
928 3377 1003 3434 rolvi
1023 3386 1160 3451 poscunt,
1199 3375 1226 3430 si
1247 3390 1259 3446 p

326 3456 402 3526 „hoc
425 3460 523 3547 niodo:
546 3459 630 3519 land
649 3463 720 3535 ocio,
743 3461 798 3520 ilia
816 3459 1009 3540 perturbatio
1029 3461 1114 3520 vitoe
1132 3467 1247 3538 quanta

328 3563 495 3627 „ponatque
517 3550 659 3623 nefaria:
687 3557 741 3606 ant
767 3547 920 3606 tollitnrne
942 3555 997 3605 etc.
1015 3546 1108 3608 -i¹“
1140 3543 1215 3603 Mihi
1237 3563 1259 3618 qt

308 3653 311 3657 ⁴
326 3632 420 3705 piacet
435 3630 561 3699 nrrnhoc
572 3634 667 3705 nicode,
691 3635 740 3690 sed
757 3653 800 3705 eo,
823 3652 906 3707 quem
928 3642 1091 3690 structurae
1112 3640 1217 3689 natura
1232 3645 1259 3685 ec

328 3718 508 3792 suppeditat:
530 3716 628 3778 Haud
638 3722 710 3792 acio,
726 3721 854 3777 cocietoe
867 3717 989 3795 generis
1003 3715 1127 3775 lamani
1140 3733 1259 3773 contere

325 3803 434 3877 possit,
456 3823 496 3861 aa
519 3805 654 3864 tollatur.
698 3805 849 3879 „itemque
871 3813 945 3861 extr.
965 3800 986 3860 l.
1003 3803 1040 3861 ll.
1063 3802 1097 3858 dc
1120 3801 1219 3860 Divin.
1242 3820 1257 3857 c

329 3887 429 3954 „tione
451 3886 505 3945 hoc
526 3892 611 3949 modo
633 3891 759 3966 rupplcri
780 3889 887 3966 poterit
909 3891 1020 3963 oratio:
1053 3885 1137 3945 laad
1157 3887 1234 3958 ono,

328 3971 481 4041 „ahalai
509 3984 552 4039 et,
561 3977 698 4055 perfecti
721 3983 906 4053 potarentur
934 3971 1058 4053 (Stoici)
1089 3983 1156 4031 aut
1177 3971 1259 4037 colias

322 4056 496 4138 pliloecpli
510 4057 745 4134 ριιῑανσπὶιινῖ(ι
767 4058 825 4116 Hic
847 4061 935 4132 iocus,
958 4061 1007 4135 qui
1029 4060 1105 4135 apud
1124 4057 1259 4116 Cicerone

329 4144 450 4223 iegitur:
480 4165 602 4224 pueram
625 4146 765 4203 licentiae
787 4145 848 4202 nisi
873 4143 1046 4203 Carneaden
1067 4145 1249 4215 restitisset,

330 4231 391 4286 ecio
413 4249 454 4286 an
476 4231 534 4292 acti
553 4228 614 4288 iani
634 4227 804 4309 philosophi
831 4229 1040 4287 iudicarentur
1061 4262 1100 4272 -
1124 4249 1189 4289 mea
1215 4246 1259 4287 een

332 4319 374 4373 sic
392 4315 579 4391 explicandae
596 4317 669 4375 erit:
692 4313 778 4374 Haud
795 4316 866 4386 scio,
889 4315 976 4372 aliine
998 4326 1112 4391 practer
1132 4316 1222 4391 ipsos,
1245 4334 1259 4372 a
