2654 4854
207 288 212 295 ’
275 430 278 435 ¹
323 337 379 400 nn
399 333 655 401 secusnnve
676 334 766 399 eun
784 288 1014 401 mvmmvo.
1156 286 1222 413 ¹rs

118 508 217 608 pam
234 506 420 606 adficerer,
445 506 638 604 praeclaris
657 508 815 603 operibus
838 508 977 581 laetari.
1029 507 1132 581 Haec
1152 508 1221 609 igi·

119 620 181 681 tur
196 609 306 681 verba
326 612 560 681 accusativum
587 634 666 680 cum
689 607 787 679 infin.
809 610 1002 705 postulant,
1029 609 1091 682 ubi
1111 613 1219 710 signi·

116 711 231 793 licant
254 737 334 782 cum
361 710 484 783 dolore
509 710 567 783 vel
591 709 719 809 gaudio
738 708 795 782 vel
816 711 1045 785 admiratione
1064 712 1220 785 animad-

116 822 245 904 verto,
287 823 326 884 ut
357 815 508 910 primum
539 811 627 883 illud
656 811 836 887 relationis
868 841 1003 913 genus,
1039 814 1148 914 quod!
1166 824 1221 890 est

116 914 379 1006 inhaerentiae,
407 915 533 986 locum·
548 913 689 987 babeat.

105 1018 110 1031 '
223 1014 299 1089 Sed
321 1019 499 1115 pertinent
525 1015 647 1088 eadem
665 1015 774 1088 verba
798 1018 905 1088 animi
928 1029 1061 1090 motum
1086 1018 1220 1119 signib-

116 1119 237 1193 cantia
262 1116 474 1204 adulterum
499 1118 680 1191 relationis
701 1145 826 1217 genus,
854 1121 949 1217 quod
969 1119 1119 1192 diximus
1141 1146 1220 1195 esse

117 1221 402 1312 consecutionis,
441 1246 510 1317 qua
540 1219 625 1318 quid
656 1231 715 1291 aut
748 1247 852 1292 carisa
883 1235 938 1293 est
967 1232 1028 1293 aut
1061 1221 1216 1320 cffiectus.

113 1321 171 1395 Et
206 1321 325 1421 gaudii
357 1321 499 1420 quidem
533 1322 709 1394 dolorisve
741 1324 779 1392 in
812 1325 928 1395 animo
963 1325 1081 1397 ell'eeti
1114 1350 1220 1397 caasa

113 1417 269 1497 indicari
289 1435 371 1521 post
388 1424 476 1497 baec
493 1423 602 1496 verba
621 1424 712 1496 solet
731 1450 797 1519 per
812 1425 1017 1521 particulam
1035 1428 1130 1525 qaod
1140 1424 1216 1528 ¹⁶).

115 1524 225 1617 Quae
242 1528 440 1598 coniunctio
457 1525 503 1598 ad
517 1528 680 1598 effectum
697 1525 945 1598 declarandum
961 1552 1101 1600 causam
1117 1554 1218 1624 prae·

115 1625 304 1701 cedentem
325 1630 441 1719 affert,
469 1654 562 1699 nune
584 1629 788 1725 praeposito
809 1632 860 1719 id,
889 1630 993 1719 illud,
1023 1655 1078 1720 co,
1106 1657 1147 1702 ca
1163 1656 1217 1721 re,

114 1754 215 1802 nnnc
232 1731 371 1801 omissis
389 1728 561 1802 eiusmodi
577 1729 852 1801 monstrantibus
870 1730 929 1802 vel
946 1730 1090 1803 alteram
1110 1758 1219 1803 enun-

117 1832 306 1905 ciationem
322 1831 612 1928 praeparantibus
629 1831 778 1903 voculis.
813 1828 932 1928 Atque
949 1832 1046 1930 quod
1062 1834 1220 1906 affectio·

114 1936 326 2033 amamini
350 1936 507 2005 notantia
530 1933 640 2005 verba
662 1932 793 2030 duplici
816 1935 921 2006 modo
943 1937 1030 2007 strui
1055 1945 1217 2032 possunt,

115 2037 225 2108 etiam
251 2036 569 2107 commodissimum
600 2045 654 2107 est
683 2037 720 2106 in
745 2038 903 2109 oratione
930 2037 1073 2134 obliqua
1097 2038 1143 2109 ad
1167 2040 1219 2108 vi·

113 2136 259 2209 modam
280 2141 557 2211 accusativorum
580 2148 615 2210 et
636 2138 885 2209 infinitivorum
906 2140 1139 2236 frequentiam
1156 2150 1216 2212 uta

114 2238 162 2311 ad
187 2236 303 2312 Attic.
325 2240 433 2333 XVI,
462 2239 499 2312 7.
551 2239 715 2311 Pborrem
738 2237 901 2340 (Brutus)
926 2241 1065 2338 screbat
1085 2245 1121 2314 ia
1141 2269 1219 2315 cae·

117 2341 210 2414 lam:
246 2368 285 2414 se
306 2354 421 2414 auara
446 2342 585 2433 laetari,
613 2344 708 2441 qrsod
728 2341 920 2441 effapissem
940 2346 1028 2414 dieas
1051 2347 1220 2434 maximas

75 2458 80 2468 '
115 2446 408 2541 vituperationem
434 2470 560 2533 ursam,
590 2469 693 2543 quara
716 2446 836 2516 itinere
856 2444 1021 2541 faciendo
1042 2471 1096 2515 me
1116 2446 1218 2517 iutel-

117 2538 266 2643 lipibam
293 2549 465 2643 suscipere
493 2547 741 2641 desperationis
768 2572 811 2616 ac
839 2545 1027 2618 relictionis
1052 2547 1218 2642 reipubli-

118 2672 180 2719 cae
200 2676 271 2719 -r
317 2647 486 2738 alimum,
530 2649 575 2719 de
608 2672 676 2746 qrsa
703 2646 839 2719 Battus
869 2650 992 2747 etqui
1016 2674 1087 2718 aaa
1118 2660 1220 2723 erant

118 2748 341 2821 laetabantur
348 2800 360 2840 ,
394 2751 490 2849 prod
510 2775 586 2820 eam
608 2751 894 2844 vitsrperatioaem
918 2748 1131 2848 effapbsm,
1164 2776 1219 2825 me

117 2853 310 2923 adunari
329 2854 378 2922 ad
399 2850 579 2948 Olprapia.
631 2851 716 2921 Hoc
737 2849 817 2921 loeo
838 2849 1145 2924 animadvertenda
1164 2863 1220 2926 est

115 2955 331 3049 praepositio
353 2950 396 3026 de
419 2978 496 3024 cum
518 2950 617 3024 hisce
641 2951 760 3025 verbis
786 2955 989 3050 saepissime
1015 2954 1216 3050 coniuncta,

116 3078 186 3151 qua
217 3054 474 3151 praecedente,
516 3055 688 3151 particula
719 3057 814 3153 qaod
845 3066 1002 3129 extremo
1034 3056 1104 3129 bec
1136 3057 1218 3130 loco

116 3180 188 3227 non
215 3155 260 3226 ad
285 3159 497 3253 proximum,
526 3157 589 3229 sed
609 3156 654 3229 ad
679 3159 839 3254 superius
863 3157 1010 3230 verbum
1038 3158 1216 3231 laetaban-

118 3268 175 3329 tur
197 3258 366 3351 refertur,
393 3285 439 3331 ne
464 3261 657 3331 interiectis
683 3259 800 3331 verbis
826 3263 870 3332 de
887 3284 957 3360 qua
981 3259 1237 3352 laetabantur„

117 3382 234 3431 sermo
258 3360 481 3457 impediatur,
512 3372 547 3432 et
568 3361 612 3431 ad
634 3361 776 3447 alterius
794 3363 1059 3458 vituperationis
1075 3388 1217 3434 causam

117 3458 401 3535 describendam.
462 3463 656 3560 Utramque
682 3463 775 3534 illam
802 3464 1121 3556 constructionem,
1158 3489 1216 3535 ac·

117 3566 310 3635 cusativum
335 3591 414 3637 cum
439 3565 537 3635 infin.
562 3565 721 3663 intelligo
745 3575 780 3637 et
805 3566 1086 3635 coniunctionem
1107 3566 1214 3663 quod,

69 3668 76 3715 ἶ
103 3664 264 3763 ÷praebet
288 3665 368 3739 Cic.
397 3666 441 3739 de
466 3663 613 3738 Amisit.
643 3693 676 3738 c.
696 3665 759 3754 17,
787 3663 853 3735 62.
908 3664 984 3736 Sed
1004 3690 1107 3761 saepe
1133 3691 1214 3765 qae-

113 3770 277 3859 rebatur,
301 3771 406 3868 'qaod
435 3769 587 3841 lcoasiacs
614 3769 769 3838 omnibus
795 3768 831 3835 in
856 3767 957 3837 rebus
983 3766 1216 3866 dilipeatiores

112 3880 241 3960 cuent,
252 3910 363 3927 --
376 3882 411 3944 ct
426 3874 463 3942 in
476 3871 548 3944 illis
563 3872 700 3969 quidem
715 3869 884 3966 parandis
900 3870 1063 3944 adbibere
1078 3897 1212 3963 carata,

80 4144 86 4149 ·
113 4126 169 4206 lo)
196 4126 520 4210 Wexirsenbornius
533 4126 552 4181 1.
563 4143 587 4180 c.
600 4124 708 4198 §.212
730 4123 864 4182 dnmcrlr.
875 4125 903 4181 2.
925 4122 998 4196 ,,Βεί
1011 4131 1046 4180 at
1058 4125 1097 4183 ist
1108 4126 1159 4182 dar
1172 4127 1212 4183 im
1226 4112 1230 4122 ¹

194 4210 376 4288 Hauptsatzc
390 4209 582 4290 Dargsstelltc
598 4209 648 4268 das
659 4209 794 4283 Frirbere,
818 4211 863 4269 bei
880 4211 957 4287 qaod
978 4209 1028 4267 des
1043 4209 1083 4267 im
1099 4208 1212 4269 Neben-

192 4308 276 4357 utre
294 4294 499 4355 Enchelenes‘
