2654 4854
174 315 225 391 rss
422 290 733 413 commtmuo
747 264 1024 379 cummim

174 491 212 561 in
237 486 356 559 amicit
381 483 549 583 ebipcadis
576 481 786 582 nepliqeatea
813 508 898 555 erre.
956 479 1019 557 Ad
1042 482 1170 559 horum
1195 514 1294 579 νῦν,

171 588 298 662 horum
324 584 585 659 similitudinem
611 586 716 673 etiam
740 582 932 677 adiecfiva,
972 588 1116 659 iucundi
1131 589 1199 663 .vel
1223 592 1296 663 in:

27 726 32 739 ¹
171 690 315 764 iucundi
339 715 480 762 sensum
506 687 740 784 significantia
769 687 975 783 particulam
1001 693 1096 791 qrtod
1124 690 1193 764 sibi
1218 712 1277 767 nr.
1315 718 1317 727 ·

171 802 320 893 rogant,
362 802 401 862 ut
431 787 580 862 ad'Att.
603 789 710 881 Vnt,
741 785 804 860 11.
866 788 972 881 Quod
998 795 1154 891 preceris,
1190 796 1279 895 qaid

173 895 306 970 Caesar
330 896 379 964 ad
399 918 452 963 me
475 894 670 988 scripserit3
697 892 793 991 qaod
811 918 933 989 caepe:
960 897 1191 993 pratarimam
1210 898 1280 971 sita·
1315 930 1317 935 ·

171 1022 257 1089 aare,
283 997 377 1096 qaod
395 996 560 1093 poterim:
580 1004 733 1092 ‘oratque
752 994 790 1064 ia
809 1020 849 1065 eo
868 1006 908 1066 at
923 1022 1152 1092 perimerem.
1189 997 1277 1073 Hoc
1315 1030 1317 1061 ι

170 1098 253 1172 loco
279 1108 334 1169 ter
364 1121 437 1167 nou
463 1095 589 1168 eodem
615 1121 721 1167 sensu
746 1097 841 1194 qaod
865 1095 1153 1192 deprehenditur.
1215 1100 1278 1175 Dc

171 1203 277 1275 tertio
303 1200 374 1270 iam
400 1197 672 1293 disputavimus3
720 1196 867 1269 altorum
894 1202 989 1298 qreod
1013 1204 1067 1273 cst
1092 1200 1316 1275 relativum.

170 1327 383 1403 pronomen,
410 1299 588 1372 intellecto
606 1299 717 1372 verbo
733 1300 869 1398 scripsit
874 1329 887 1394 5
912 1300 976 1374 sed
994 1302 1116 1375 cadem
1132 1303 1277 1397 vocula,

171 1430 262 1505 quae
288 1406 324 1475 in
349 1404 522 1499 principio
540 1403 684 1502 legitur,
711 1402 888 1499 significat
905 1406 1000 1502 qarod
1018 1408 1141 1477 attinet
1156 1408 1208 1477 ad
1222 1402 1277 1499 id,
1294 1440 1317 1467 ··

170 1510 284 1609 qaod,
320 1514 380 1577 aut
404 1507 448 1576 de
473 1531 534 1596 eo,
570 1507 665 1605 qaod
688 1506 838 1603 quaeras.
897 1504 1020 1604 Atque
1046 1508 1214 1604 quoniam
1239 1507 1281 1581 i'n

170 1608 329 1707 epistolis
354 1606 444 1679 nihil
468 1608 687 1704 frequentius
712 1615 785 1697 est,
812 1632 932 1704 ¹qnam
957 1610 1100 1682 ineunte
1124 1608 1280 1706 periodo

168 1714 285 1811 posita
316 1709 406 1782 haec
436 1709 628 1805 particula,
671 1709 864 1782 cavendum
891 1719 966 1803 est,
1008 1737 1075 1803 ne,
1121 1702 1206 1783 durii
1231 1736 1281 1787 ex

170 1815 276 1887 amici
300 1811 449 1908 epistola
474 1812 600 1910 aliquis
625 1811 746 1904 loeus,
789 1810 834 1885 ad
859 1839 965 1910 quem
980 1811 1281 1912 xrespondendum

69 1946 76 1957 ’
171 1926 245 2009 est,
288 1914 496 2004 adhibetur,
538 1926 707 2011 sequente
731 1911 844 1986 verbo
869 1918 1027 2013 paradeo,
1071 1915 1130 1988 vel
1154 1916 1278 2009 doleo,

169 2018 228 2091 vol
253 2015 425 2089 eiusmodi
449 2015 533 2105 alio,
560 2015 651 2087 hauc
677 2015 884 2112 particulam
905 2043 971 2114 pro
993 2017 1123 2090 causali
1146 2016 1280 2091 rocula

168 2116 316 2211 habeas,
335 2144 439 2215 quam
450 2117 598 2191 verbum
611 2121 747 2217 paadeo
760 2118 910 2217 flagitet.
926 2119 972 2190 ad
981 2116 1096 2192 Attia.
1107 2118 1275 2210 XV1‚·5.

172 2222 280 2316 Quod
308 2221 454 2293 Erotem
487 2246 558 2290 noa
588 2223 662 2292 ciac
693 2221 897 2293 munusculo
930 2234 1130 2318 exspectare
1164 2222 1276 2317 ἀὶσὺς

167 2326 327 2423 paradeo,
361 2348 432 2393 aaa
455 2321 628 2419 fefellisse
656 2348 732 2393 eona
760 2349 834 2393 rem
860 2325 1055 2420 opinionem
1083 2334 1192 2397 taam.
1227 2320 1282 2397 ad
1295 2314 1317 2349 ⁴

168 2425 298 2498 Famil.
317 2423 426 2515 xlv,
454 2422 520 2495 12.
576 2423 683 2517 Quod
703 2450 765 2494 aas
784 2427 821 2495 ia
841 2423 988 2497 Italiam
1007 2424 1122 2497 saluos
1141 2427 1279 2501 vertare

166 2531 298 2628 parides
305 2555 318 2621 3
358 2536 527 2624 perpetuo
555 2528 722 2624 paartcas.
738 2525 855 2597 velim.
914 2526 1111 2625 Utrumque
1145 2552 1277 2601 munus

168 2633 264 2731 qaod
286 2632 380 2701 inse
402 2629 580 2725 recepisse
603 2625 754 2720 videtur,
783 2627 828 2698 ad
842 2622 960 2700 Attia·
974 2629 1064 2722 XV,
1081 2626 1121 2701 2.
1167 2628 1280 2723 Quod

164 2735 282 2830 prima
306 2733 493 2827 disputatio
515 2729 716 2801 Torcularia
738 2742 771 2802 tc
792 2731 987 2829 confimat,
1014 2757 1098 2803 sanc
1116 2732 1273 2829 paradeo.

51 2900 54 2905 .
168 2833 357 2932 Significat
376 2843 492 2903 autem
511 2830 617 2923 Quod
633 2835 756 2903 attinet
776 2835 824 2903 ad
843 2835 882 2903 itt
897 2837 1004 2932 parad,
1032 2835 1062 2904 si
1080 2832 1275 2907 verborum

168 2932 328 3009 ordinem
354 2944 516 3029 speciae,
546 2958 756 3030 quamquam
782 2933 827 3004 ad
849 2938 985 3033 paradeo
1012 2933 1135 3007 eadem
1160 2934 1277 3007 verba

166 3047 283 3110 mente
308 3033 501 3131 repetenda
526 3045 606 3105 suut
631 3038 702 3106 sic:
730 3063 814 3107 sarie
833 3039 985 3134 paradeo,
1014 3039 1173 3137 qaod-
1190 3063 1275 3109 coa·

42 3142 46 3149 ’
163 3140 296 3240 fimaat.
348 3136 551 3211 Verborum
577 3136 665 3208 ordo
693 3148 747 3208 est
773 3140 948 3234 interpres
975 3140 1141 3235 optimus.

261 3238 433 3313 'Alterum
464 3241 721 3312 consecutionis
754 3267 865 3337 genus
897 3240 969 3312 dixi
1001 3239 1160 3338 effictam
1186 3264 1273 3313 con-

166 3344 294 3416 tinere.
352 3342 390 3413 Is
420 3344 486 3437 pir
518 3341 660 3412 modum
690 3345 948 3415 coniunctivum
976 3344 1170 3433 indicatur,
1212 3351 1275 3414 aut

168 3447 322 3543 apertius
358 3443 462 3516 etiam
500 3468 566 3539 per
602 3443 808 3540 particulam
839 3455 879 3517 at
909 3471 989 3516 cum
1029 3445 1269 3516 coniunctivo.

36 3636 39 3640 λ
165 3548 226 3622 Do
246 3550 345 3621 cuius
368 3547 623 3619 coniunctionis
648 3572 713 3617 usu
735 3557 773 3616 ut
794 3572 1032 3639 moneremus,
1060 3548 1138 3644 ipsa
1158 3545 1273 3617 verba

167 3648 340 3724 sentiendi
365 3660 401 3721 et
427 3646 629 3721 declarandi
655 3658 852 3719 suaserunt.
910 3649 1002 3719 Nam
1027 3648 1116 3720 haec
1141 3646 1288 3743 verba,''

166 3778 256 3850 quae
282 3754 409 3824 mentis
435 3752 584 3831 animive
611 3751 836 3847 agitationem
863 3751 1076 3849 significant,
1110 3751 1162 3821 sic
1187 3758 1274 3823 suut

167 3865 382 3950 comparata,
410 3864 461 3946 ut,
476 3851 784 3951 ‘quemadmodum
805 3852 872 3923 alia
893 3853 1022 3925 nudam
1048 3852 1195 3923 alicuius
1216 3853 1273 3924 rei

167 3959 416 4055 cogitationem
443 3955 661 4054 significant,
701 3953 787 4045 alia,
824 3954 867 4025 de
895 3956 1021 4053 quibus
1047 3953 1153 4025 modo
1179 3952 1271 4025 dixi·

166 4085 262 4150 mus,
299 4057 441 4130 iucundi
465 4053 687 4127 iniucundivc
714 4082 854 4127 sensum
880 4057 982 4129 simul
1008 4055 1184 4147 indicant,
1219 4057 1271 4129 ita

165 4160 233 4232 alia
257 4160 471 4232 voluntatem
497 4156 554 4229 vel
581 4155 792 4231 desiderium
815 4158 873 4230 vel
906 4159 1057 4230 studium
1088 4156 1271 4255 quoddam

166 4265 376 4360 exprimant.
428 4262 486 4333 Dc
503 4258 726 4331 voluntativis
748 4259 866 4331 verbis
893 4286 986 4333 nuuc
1012 4271 1067 4334 cst
1092 4260 1269 4332 disseren-
