2654 4854
171 312 226 375 nn
246 309 448 374 rosunum
467 307 614 373 unsmo
635 292 692 373 nt
710 306 796 375 vm.
813 278 927 377 usur
947 288 1039 377 ‘sero
1059 310 1126 379 su.
1153 272 1271 403 93²2}
1313 408 1317 415 Ι

106 487 197 556 rimo
222 484 347 555 harum
367 508 486 555 rerum
507 480 638 572 iudice,
666 480 862 583 eodemque
881 454 1212 583 prestrepentes-so

105 588 166 685 pie
192 585 374 676 colendo„
394 585 432 655 in
456 581 740 680 ephemeridibus
763 582 874 659 litter.
902 586 1149 683 Lipsiensibu
1172 582 1227 661 ι.’·
1251 646 1290 685 ,;,

106 686 229 762 1819.
257 716 294 759 n.
325 683 417 758 122.
437 712 494 784 sq.
521 684 703 783 praeclare
726 682 900 785 quaedem
925 688 1091 781 monitus,
1117 716 1212 765 nune
1313 688 1319 697 “

108 789 252 888 quidem
278 787 476 860 faciendum
502 778 669 884 putavi-,i
682 797 742 879 ut5
778 814 884 861 eausa
910 782 1233 891 deudsweogniidp
1265 784 1269 793 ⁵

107 919 182 964 non
208 895 256 963 ita
287 902 453 961 mutatam
485 917 597 962 meum
629 882 835 963 sententiam
869 884 1030 987 pluribus
1051 892 1212 967 deelara-
1228 898 1242 917 ''

105 1021 199 1066 rem.
262 995 363 1099 Quae
401 994 640 1065 controversie
675 992 745 1063 boe
770 994 881 1065 etiem
914 992 1045 1069 minus*
1063 992 1216 1085 diremtq
1266 1068 1272 1081 ,

108 1096 223 1167 videri
248 1106 406 1192 poterat,
449 1120 528 1167 eum
562 1120 675 1190 nuper
706 1082 764 1165 eiii
790 1090 861 1167 siin
891 1094 936 1169 de
954 1088 1034 1173 tuta
1059 1097 1214 1171 sor-mnis
1235 1138 1272 1151 ··
1306 1098 1312 1111 '

109 1197 326 1287 docuissent,
355 1197 404 1267 illi
422 1197 563 1295 quidem
579 1221 695 1293 neque
713 1198 922 1293 scriptorum
938 1210 1095 1271 veterum
1110 1226 1213 1272 usum

105 1298 276 1397 loquendi
312 1299 586 1397 distinguentes,
629 1323 744 1395 neque
774 1312 933 1371 naturum
965 1312 1001 1371 et
1029 1302 1102 1373 vim
1132 1328 1212 1375 ver·

105 1399 235 1474 borum
261 1405 374 1473 neseio
399 1413 435 1475 et
459 1402 557 1472 baud
579 1402 650 1471 seio
674 1410 711 1471 et
734 1400 926 1497 particulae
952 1429 999 1472 an
1022 1405 1108 1474 sotis
1133 1402 1211 1477 diii·

107 1514 237 1602 genter
261 1506 385 1576 secuti.
446 1502 540 1575 Illud
565 1501 708 1599 quidem
738 1504 806 1574 iem
832 1502 962 1574 dudum
988 1504 1213 1579 Manutius

107 1604 159 1676 nd
181 1605 260 1677 Cio.
280 1607 353 1702 Ep.
375 1603 421 1675 ad
435 1606 522 1677 niv.
539 1605 609 1696 vl,
629 1603 667 1674 7.
694 1604 767 1694 ΙΧ,
785 1603 827 1676 9.
847 1615 883 1677 et
897 1601 963 1675 11.
989 1603 1211 1702 defenderat,

107 1710 225 1779 neseio
251 1735 299 1778 on
323 1705 381 1778 vel
406 1708 504 1776 leand
527 1708 599 1776 seio
625 1732 671 1774 on
696 1704 768 1776 dici
791 1730 857 1803 pro
881 1704 1052 1803 formes,
1080 1709 1213 1783 maiore

107 1808 264 1906 quadam
281 1806 475 1906 elegentio3
502 1809 586 1879 item
609 1805 812 1880 Dukerus
835 1805 1210 1901 adFtor.111‚12‚6.

106 1909 428 2006 Drakenborg.
451 1908 495 1981 ad
515 1909 598 1979 Liv.
616 1908 821 2000 XXXVII,
838 1906 986 1999 5116.
1011 1936 1087 1982 eum
1103 1912 1211 1983 Bur·

103 2037 293 2087 mannus
318 2011 364 2082 ad
390 2010 562 2102 Quinctil.
578 2010 669 2103 XII,
688 2008 751 2082 11.
779 2037 817 2108 p.
837 2008 958 2082 1108.
986 2011 1133 2084 eundem
1159 2012 1213 2087 Io-

106 2116 289 2187 eutionem
314 2116 402 2187 scite
427 2117 529 2187 eredo
556 2115 858 2210 interpretaretur.
919 2114 1014 2185 Tum
1046 2114 1214 2190 Gesne-

104 2243 188 2290 rus
213 2218 250 2288 in
277 2215 479 2290 Chrestom.
508 2215 588 2289 Cic.
617 2242 655 2313 p.
674 2212 770 2308 225,
803 2225 885 2314 post
909 2219 1024 2288 reeseio
1050 2218 1214 2292 oremale

106 2329 211 2416 putat
239 2344 308 2390 ooo
334 2321 501 2391 omissum
526 2344 628 2411 esse,
665 2317 1023 2392 Westerbovius
1048 2318 1095 2390 ud
1120 2321 1211 2392 Ter.

107 2417 270 2518 Adelph.
285 2422 353 2513 IV,
371 2420 413 2513 5,
432 2420 502 2494 55.
528 2449 575 2492 au
599 2431 682 2518 post
706 2423 804 2492 baud
826 2424 897 2491 seio
920 2447 962 2492 eo
985 2446 1091 2492 sensu
1112 2422 1211 2518 poni,

109 2548 183 2621 quo
208 2523 315 2622 vulgo
349 2550 467 2594 antron
497 2534 698 2620 usurpetur.
750 2524 793 2595 d.
822 2522 879 2594 M.
907 2523 1216 2619 Heusingerus

110 2624 158 2696 ad
184 2624 262 2698 Cic.
292 2624 400 2697 offic.
428 2626 461 2716 1,
488 2623 551 2698 11.
580 2627 720 2713 statuit,
756 2624 924 2697 Ciceroni
948 2624 1047 2693 Itoud
1071 2627 1142 2695 seio
1168 2650 1216 2696 an

111 2753 253 2824 semper
278 2727 316 2798 id
341 2727 418 2799 fere
445 2752 538 2818 esse,
566 2725 662 2823 quod
686 2724 851 2822 fortusse,
880 2735 915 2796 et
939 2723 1098 2796 modeste
1123 2726 1215 2797 affir-

107 2854 209 2901 mare
238 2831 379 2925 potius,
422 2854 526 2926 quem
558 2852 712 2926 negare3
758 2828 922 2924 Denique
954 2822 1145 2900 Ernesti
1178 2829 1216 2900 in

110 2930 215 3004 Clau.
244 2931 324 3004 Cio.
353 2959 384 3003 s.
414 2958 450 3000 v.
484 2931 596 3002 Haud
624 2941 763 3020 monet,
805 2930 902 2999 baud
930 2931 1001 3001 seio
1026 2956 1096 3021 ure,
1135 2957 1217 3003 eum

111 3033 363 3106 dubitationem
390 3032 521 3105 babere
546 3026 720 3120 videntur,
747 3041 866 3103 tomen
890 3030 1099 3127 simpliciter
1124 3033 1216 3104 affir-

109 3163 230 3208 mare:
259 3163 363 3233 quem
390 3147 530 3207 secutus
549 3143 604 3206 est
630 3133 865 3205 Sebtitzius
890 3135 927 3204 in
949 3132 1063 3204 doctr.
1084 3137 1213 3229 partie.

110 3239 176 3310 lat.
205 3238 294 3337 ling.
319 3264 357 3335 p.
387 3236 480 3310 199.
511 3247 547 3308 et
571 3236 728 3307 Bremi
754 3235 799 3307 od
820 3235 933 3309 Corn.
957 3235 1051 3331 Nep.
1077 3235 1213 3308 Timol.

111 3338 152 3432 I,
178 3337 216 3411 1.
240 3382 291 3395 -
326 3337 387 3411 Ab
410 3340 465 3412 bis
488 3337 726 3435 distinguendi
751 3337 911 3411 videntur
935 3336 987 3408 iili
1012 3338 1079 3407 viri
1104 3336 1214 3430 docti,

110 3443 175 3541 qui
202 3445 314 3514 neseio
340 3470 387 3512 an
412 3441 469 3514 vel
494 3442 592 3512 duod
614 3443 684 3511 seio
710 3467 757 3510 un
782 3466 875 3511 nune
902 3440 1095 3528 affirmare,
1117 3464 1217 3525 xnune

108 3569 245 3643 negare
272 3544 483 3637 existimant,
511 3543 724 3619 vorstius
748 3541 792 3613 de
818 3542 939 3612 Latin.
964 3540 1090 3609 merito
1116 3564 1213 3636 susp.

199 3862 261 3908 ster
283 3850 318 3907 od
340 3870 427 3908 unum
449 3862 560 3908 tantum
582 3851 752 3909 vocobulum
780 3867 838 3905 non
863 3867 927 3906 roro
948 3850 1088 3921 refertur,
1120 3844 1217 3909 tomen

200 3937 278 4011 quod
299 3934 382 3993 baud
402 3937 462 3993 seio
486 3955 576 4007 nune,
599 3955 674 3992 nune
695 3937 791 3992 neseio
813 3936 934 4012 legitur,
958 3935 1033 4008 quod
1057 3938 1218 3994 bimembris

198 4021 554 4101 intetrogetio·inter‹tum
577 4024 689 4098 integra
710 4033 854 4092 servatur,
877 4020 956 4094 quod·
975 4041 1010 4077 ne
1031 4022 1217 4100 interrogati-

199 4126 269 4163 vum
292 4126 342 4181 pro
364 4126 420 4178 an,
453 4106 503 4167 vet,
520 4107 720 4163 coniunctium
742 4105 823 4163 houd
843 4108 936 4164 seiam
958 4108 1114 4179 reperitur,
1146 4109 1218 4163 otioe

201 4210 304 4249 cousus
325 4191 493 4264 effecerunt,
523 4203 556 4249 ut
585 4195 745 4250 accuratius
772 4192 856 4248 huius
884 4192 1037 4248 locutionis
1064 4202 1217 4248 naturast

199 4281 247 4338 vis
267 4278 437 4352 explicanda
457 4278 613 4336 videretur.
