2654 4854
536 834 539 839 ·
599 800 636 888 Ι.

61 1025 608 1123 ΟΟΜΜΕΝΤΑΤΙΟ
661 1032 1162 1135 GRAMMATIOA

591 1250 633 1294 DE

32 1382 37 1392 '
123 1403 293 1479 numm
312 1404 369 1479 nn·
392 1398 475 1470 nso
494 1402 738 1471 nccnsnnu
763 1408 855 1487 con
879 1408 1099 1476 munuum
1206 1380 1212 1391 “

454 1528 561 1591 neno
586 1527 769 1592 munos.
1049 1524 1052 1529 ·

332 1788 334 1793 ·
351 1784 358 1793 “
405 1789 824 1802 -C—ffl-

162 2750 284 2860 Antis
310 2792 560 2888 grammaticae
591 2817 715 2863 munus
741 2790 986 2890 gnavissimum
1016 2798 1071 2861 est
1101 2813 1161 2861 cx·

58 2890 219 2988 quivere,
247 2902 419 2989 quatenus
444 2918 604 2992 quaeque
629 2894 780 2967 cuiusvis
808 2891 949 2992 linguae
975 2890 1100 2991 regula
1123 2892 1162 2961 in

57 2991 232 3066 humanae
263 2997 391 3066 mentis
421 2998 567 3088 natura,
614 2997 859 3094 communique
892 2991 1072 3093 cogitandi
1103 3017 1162 3065 rn-

57 3097 153 3168 tione
171 3097 287 3193 posita
305 3099 364 3189 sit,
389 3108 624 3197 quantumque
643 3127 663 3172 e
683 3099 868 3173 castissimi
887 3097 1060 3169 sermonis
1079 3116 1160 3186 usu,

49 3194 96 3268 iu.
116 3223 149 3270 e.
173 3198 249 3270 sola
272 3200 483 3297 optimorum
506 3204 673 3301 cuiusque
695 3201 837 3301 linguae
858 3201 1069 3296 scriptorum
1090 3193 1161 3295 fido

26 3316 29 3327 ·
58 3306 95 3370 et
119 3302 327 3373 auctoritate
354 3302 604 3402 colligendum.
662 3304 755 3377 Nam
786 3328 870 3375 usus
896 3297 1066 3398 loquendi
1090 3321 1164 3368 non

58 3409 131 3473 tam
155 3401 381 3481 libidinosum
405 3407 590 3503 imperium
616 3417 780 3499 exercet,
831 3415 870 3475 ut
895 3387 1076 3500 cogitandi
1100 3422 1162 3469 ne·

59 3505 216 3577 cessitati
232 3532 305 3578 non
325 3507 497 3580 obnoxius
517 3510 594 3607 sit3¹
609 3508 922 3603 admirandumque
939 3512 1008 3593 est,
1034 3506 1164 3597 quanta
1272 3574 1276 3581 .

59 3605 95 3677 in
122 3611 295 3680 sermonis
325 3609 484 3705 partibus
517 3622 661 3682 naturae
692 3611 890 3704 mentisque
922 3605 967 3677 sit
993 3627 1073 3675 cnm
1097 3624 1164 3671 usu

59 3711 297 3805 conspiratio:
335 3730 403 3809 qua
429 3713 572 3810 cognita
596 3720 762 3809 apparet,
789 3711 827 3780 in
851 3706 1001 3778 maxima
1025 3701 1163 3800 lingna-

58 3838 137 3882 rum
164 3812 365 3895 diuersitate
391 3838 470 3885 esse
495 3812 591 3884 illam
618 3839 800 3884 causarum
829 3806 1162 3907 peu-vestigationem

58 3910 129 3984 hoc
152 3916 267 3985 minus
290 3913 566 4010 desperandam,
594 3914 690 4012 quod
710 3914 834 4019 eadem
854 3939 912 3984 res
929 3910 986 3982 vel
1006 3908 1059 3979 rei
1079 3931 1163 3977 oon·

60 4011 147 4086 ditio
174 4014 396 4114 pluriumque
422 4042 539 4088 renum
565 4018 765 4090 coniunctio
791 4016 889 4089 vario
915 4010 1021 4084 modo
1046 4017 1164 4103 potest

61 4119 227 4215 cogitari.
279 4118 339 4189 Ex
357 4128 507 4218 utroquo
525 4128 639 4196 autom
658 4121 771 4214 fonte,
800 4128 836 4190 et
851 4116 1022 4187 humanae
1038 4108 1165 4179 mentis

58 4228 185 4290 natura
210 4228 248 4291 et
271 4219 434 4293 diuturno
461 4224 633 4296 sermonis
654 4250 740 4316 usu,
777 4246 857 4292 cum
884 4208 1165 4306 „mnngme
1269 4220 1274 4235 ⁸

876 4313 899 4387 1
