2836 4852
206 345 264 408 uu
286 340 487 406 sonuum
508 339 654 404 ansero
675 338 730 458 ιιι
751 339 833 437 unu
853 339 966 403 ιιιιιιι
988 338 1079 403 sero
1100 339 1165 414 ιιι
1196 300 1249 414 ἰιι

135 540 221 589 rum
238 512 299 616 ²³)
324 513 566 588 controversia
588 510 682 609 apud
703 509 950 585 Ciceronem
939 523 1131 612 ruuguntur
1152 511 1249 615 (uam

134 616 188 695 de
204 616 465 691 recentioribus
478 614 711 712 scriptoribus
726 612 824 685 nulla
839 623 893 687 est
909 612 1115 717 dubitatio),
1140 618 1250 688 auim-

136 719 398 795 advertendum
419 729 487 812 est,
511 716 641 815 triplex
661 743 738 790 esse
756 717 902 789 istorum
923 733 1049 816 genus.
1083 717 1250 810 Quorum

141 976 202 1052 23)
235 979 312 1046 Quae
334 976 371 1033 ad
394 974 453 1033 cic
475 973 552 1031 Lael
572 977 599 1048 6
620 992 664 1049 pr.
687 985 715 1032 et
736 976 767 1032 iu
788 973 860 1034 Exc.
876 974 911 1038 ll
935 996 961 1052 p
979 978 1050 1037 259.
1073 970 1134 1036 trim
1163 990 1192 1035 et
1218 980 1250 1036 iu
1280 995 1281 1001 ¹

233 1060 408 1121 Seebodii
431 1043 681 1138 Sylloge(Neues
696 1046 808 1118 Arabio
822 1063 885 1135 fris·
902 1059 974 1120 Pte!
961 1063 1068 1140 lologie
1090 1063 1153 1122 aad
1171 1059 1251 1121 Poe·
1344 1068 1346 1073 ’

233 1148 301 1225 dog.
326 1150 352 1204 l.
366 1144 477 1223 Jatrg.
489 1147 578 1202 1826.
604 1147 630 1202 1.
643 1144 733 1220 Heft.
754 1166 782 1222 p.
796 1148 842 1205 18.
848 1149 1153 1229 seqq.)devocabulis
1170 1150 1252 1227 quis·

232 1253 336 1314 psam,
358 1232 438 1291 ullus
460 1250 604 1310 unquam,
633 1250 758 1310 usquam
780 1230 924 1306 dixeram,
953 1233 1106 1291 Beierus
1127 1234 1199 1292 Exe.
1216 1234 1251 1296 ll.
1367 1244 1370 1248 ’

233 1319 356 1378 deael.
379 1338 405 1393 p.
414 1319 491 1395 223.
512 1320 541 1393 ξ.
557 1317 606 1374 25.
629 1316 674 1373 bis
695 1317 790 1375 verbis
811 1320 1025 1393 comprobavit:
1047 1322 1251 1399 „negationem

232 1405 458 1480 praeponderare
479 1405 604 1460 innuunt
625 1402 723 1460 addita
746 1401 918 1472 Pronomina
939 1407 986 1463 vel
1008 1406 1149 1464 Adverbia
1170 1407 1251 1462 inde-

233 1489 331 1561 finita,
370 1507 443 1564 quaa
469 1501 528 1546 tam
551 1486 728 1548 affirmativis
750 1489 867 1567 aliquid
873 1529 882 1560 ,
915 1480 1093 1572 olfqaattdo,
1132 1490 1252 1564 alieubi,

234 1577 365 1655 sepiam,
398 1574 562 1653 quispiam,
591 1592 675 1649 quam
696 1575 840 1652 negativis
861 1572 953 1647 nibil,
976 1578 1148 1654 numquam,
1182 1595 1252 1634 ιιιιι-

233 1680 330 1741 paam
353 1678 437 1718 nemo
458 1659 608 1716 interiecta
627 1661 709 1734 quasi
729 1659 834 1730 media,
857 1661 1002 1735 qualitatis
1025 1661 1145 1761 quodam
1166 1661 1251 1721 modo

233 1748 379 1818 neutrius,
407 1745 570 1824 negationis
591 1753 686 1801 tamen
709 1762 794 1819 quam
815 1743 1013 1802 affirmationis
1032 1747 1091 1802 sint
1112 1747 1253 1804 viciniora

233 1830 395 1908 ideoque
386 1849 417 1887 ru
447 1830 576 1887 oratione
605 1829 801 1887 addubitantis
828 1829 1053 1906 omnibusque'
1044 1851 1074 1888 ιιι
1103 1833 1254 1889 sententiis

234 1917 309 1975 modi
340 1916 536 1992 problematiei
564 1921 768 1989 usurpentur.‘⁶
786 1903 916 1991 anue
943 1910 985 1997 (p.
1002 1912 1091 1994 224)
1119 1936 1182 1973 cum
1211 1936 1252 1976 aa

234 2003 323 2081 iungi,
346 2002 427 2058 nulla
447 2001 551 2075 prioris
571 1999 690 2057 membri
711 2001 856 2058 mentione
875 2000 961 2072 faeta,
985 2003 1026 2059 sie
1048 2014 1081 2059 ut
1101 2003 1165 2060 aliis
1186 2022 1252 2078 par·
1317 2056 1327 2071 ,,

234 2088 327 2145 ticulis
350 2088 388 2158 si,
410 2082 580 2164 quamdiu,
584 2104 629 2158 ne,
651 2086 715 2156 vix,
737 2105 834 2163 quam.
877 2084 908 2143 P
926 2087 997 2144 226.
1016 2085 1160 2164 „Propter
1179 2087 1254 2146 bane

233 2173 321 2248 ipsam
336 2174 504 2231 vocularum
521 2172 642 2228 istarum
657 2170 868 2229 indefinitarum
884 2191 947 2229 eum
964 2157 1109 2231 Particula
1125 2192 1165 2233 on
1186 2174 1253 2231 iun·
1274 2160 1290 2191 '¹

232 2271 343 2316 etatum
364 2257 580 2335 ambiguitatem
604 2257 695 2334 magis
716 2258 836 2335 emergit
849 2259 964 2336 negatio
977 2277 1035 2315 non
1051 2259 1251 2318 tamiuuerbo

232 2343 368 2419 primario
390 2342 542 2400 nesciendi
561 2343 607 2400 vel
628 2340 801 2413 dubitandi,
823 2361 908 2418 quam
931 2345 959 2400 iu
982 2354 1044 2401 tota
1066 2343 1188 2401 formula
1208 2345 1253 2404 ln-

232 2435 324 2485 tens.“
368 2427 415 2486 W.
439 2427 700 2485 Weissenborn
722 2429 752 2484 iu
773 2429 926 2485 utilissimo
948 2429 1038 2488 libror
1063 2425 1185 2506 syntax
1199 2429 1254 2488 der
1335 2454 1338 2459 ¹

232 2512 285 2571 lat.
298 2511 443 2593 Sproolte.
464 2509 613 2571 Eirenaolt
629 2512 718 2570 1835.
739 2513 767 2587 ξ.
779 2515 829 2570 46.
852 2512 972 2584 „Quam
994 2513 1117 2571 niimlieb
1136 2516 1179 2571 als
1195 2515 1252 2573 Aa·

231 2601 345 2659 euantis
365 2617 425 2657 von
446 2599 512 2676 qais
532 2597 636 2656 beisst:
673 2598 705 2654 in
731 2600 786 2658 wie
809 2599 875 2657 weit
902 2618 968 2655 man
995 2598 1068 2656 auch
1095 2597 1253 2658 annebmen

231 2704 315 2764 mag,
343 2686 403 2742 also
425 2686 579 2762 quitquam
599 2683 732 2758 jemand,
758 2685 789 2739 in
810 2685 864 2741 wie
885 2685 953 2740 weit
974 2702 1040 2741 man
1062 2702 1117 2761 nup
1136 2686 1253 2759 'jemand

231 2769 391 2828 sunebrneu
410 2767 507 2842 kann,
531 2770 558 2828 d.
574 2768 600 2825 b.
620 2767 709 2825 Ιιιιιιιιι
724 2767 883 2841 jemand.“
904 2781 962 2825 non
983 2770 1044 2826 sine
1065 2769 1254 2847 ambiguitate

232 2857 352 2913 voculae
366 2853 465 2912 Ιιιιιιιιι.
509 2856 546 2913 G.
561 2853 720 2913 Billroth
735 2851 818 2935 (Lot.
831 2850 1107 2931 Setulgrammattk
1115 2857 1178 2930 fair
1193 2855 1255 2915 alla

234 2941 368 3019 Classen.
391 2939 492 3019 beipa.
508 2942 597 2997 1834.
619 2940 730 3014 §.266
751 2941 825 2997 libro
846 2941 977 3016 inprimis
999 2937 1148 3022 laudabili)
1172 2943 1254 3020 quia·
1303 2952 1307 2957 “

229 3046 319 3106 quam
342 3037 372 3084 et
393 3025 472 3085 ullas
494 3025 663 3082 excludendi
690 3038 719 3083 et
744 3026 906 3105 stringendi
927 3028 985 3082 vim
1007 3024 1112 3084 habere
1132 3027 1202 3085 dicit
1224 3038 1253 3086 et

229 3113 265 3170 ab
288 3111 402 3190 aliquia
423 3110 575 3190 distinguit
596 3111 647 3181 sic,
670 3121 703 3169 ut
725 3109 836 3189 aliquit
851 3109 1005 3190 significet,
1028 3132 1115 3169 unum
1132 3132 1147 3169 e
1163 3114 1254 3188 pluri·

229 3198 283 3255 bus
305 3216 368 3254 esse
390 3215 481 3272 posse,
504 3197 668 3274 quisquam.
681 3211 710 3254 et
731 3196 809 3256 ullae
831 3216 918 3254 unum
940 3209 1051 3255 tantum
1074 3216 1110 3254 ex
1123 3198 1254 3256 omuibus

228 3284 349 3359 requiri.
394 3281 433 3340 Et
454 3293 488 3340 ut
509 3284 599 3357 ipsius
615 3283 678 3338 Viri
700 3280 778 3340 docti
795 3283 889 3340 verbis
911 3282 1012 3340 addam
1035 3301 1107 3357 quae
1128 3301 1254 3358 sequun-

228 3378 295 3426 tur:
313 3366 433 3440 „Debet
453 3365 565 3425 kommt
586 3386 626 3439 es,
648 3368 713 3426 dass
726 3370 881 3447 quisquam
900 3362 971 3448 (und
987 3365 1079 3449 ullus)
1101 3368 1256 3426 besonders

227 3456 259 3510 in
274 3452 393 3510 soleben
406 3454 569 3532 negativem
592 3451 781 3523 dubitativen,
804 3454 1031 3530 interrogativen
1045 3451 1153 3509 Siitren
1167 3451 1253 3525 steht,

226 3539 277 3597 die
299 3540 383 3595 einen
405 3537 611 3615 trigamiam,
634 3538 683 3594 das
699 3537 868 3617 Gegentheil
891 3535 1165 3595 tesselliessondea
1179 3534 1254 3593 Cha-

225 3622 331 3682 ralrter
351 3622 444 3681 baben
464 3625 563 3695 tollen,
585 3625 615 3680 in
638 3623 728 3679 denen
749 3643 815 3679 man
836 3641 924 3701 sagen
940 3623 1009 3692 will,
1031 3621 1097 3678 dass
1109 3622 1151 3676 sie
1164 3620 1254 3679 dureb

225 3707 316 3767 keine
339 3708 457 3786 einaige
472 3708 632 3766 Ausnabme
653 3705 874 3786 eingeschrc'nlrt
892 3706 1013 3765 werden.
1055 3705 1159 3764 lisdem
1181 3705 1255 3764 Pro·

225 3794 396 3851 nominibus
427 3804 456 3851 et
483 3793 634 3851 Aduerbiis
660 3789 939 3871 llandius'Turs.
956 3789 976 3847 l.
1007 3810 1034 3868 p.
1052 3792 1123 3849 326.
1151 3790 1254 3852 tribuit
1375 3822 1378 3827 ·

224 3880 367 3954 „plenam
390 3878 523 3936 delinitae
543 3881 585 3935 rei
607 3877 820 3935 affirmationem
834 3875 914 3956 (nam
937 3876 1014 3936 ullus
1037 3887 1080 3935 est
1101 3875 1209 3934 ιιιιιιὶιιι
1225 3887 1255 3937 et

224 3966 390 4045 qaisquam
409 3964 555 4042 signifieat
574 3983 665 4022 unum
686 3981 723 4019 ex
745 3963 876 4022 omnibus
898 3963 954 4020 vid.
970 3964 1115 4043 egregiam
1137 3964 1252 4039 exposi-

224 4053 341 4109 tionem
358 4046 499 4107 Prisciani
516 4051 565 4121 tr,
579 4051 609 4121 7,
624 4044 692 4130 46.)
707 4058 737 4105 et
758 4048 794 4106 ob
815 4051 905 4124 ipsam
926 4048 999 4107 banc
1015 4066 1154 4119 caussam,
1176 4046 1255 4124 quod

224 4137 312 4194 nulla
333 4152 380 4189 res
399 4135 456 4190 nisi
477 4145 555 4193 certa
577 4136 677 4212 negari
697 4144 806 4208 potest,
829 4136 858 4190 in
880 4135 1017 4212 negativa
1039 4134 1180 4191 sententia
1201 4151 1254 4205 po-

223 4231 358 4290 uantur,
390 4220 452 4278 sire
472 4220 569 4278 addita
591 4221 751 4297 negationis
772 4220 913 4294 particula
934 4219 979 4276 vel
1001 4217 1104 4288 verbo,
1139 4217 1254 4274 sivein

223 4305 460 4383 interrogatione
481 4305 657 4364 dubitativa:
691 4322 782 4380 neque
803 4306 888 4363 etiam
911 4306 942 4360 in
962 4301 1190 4378 comparatione,
1220 4302 1251 4357 in
