2836 4852
180 359 217 404 w
323 320 328 334 '
591 327 880 421 ruinosam.

183 501 262 575 aliis
288 527 454 602 cuperem
484 504 799 596 communicatum,
844 503 906 602 qui
937 502 1037 576 extra
1060 501 1294 578 Vimariensis

116 667 122 685 ι
183 633 220 697 ct
244 621 344 696 urbis
370 634 407 697 et
430 635 546 698 terrae
572 624 662 697 fines
687 622 882 723 philologi,
924 622 1101 722 iidemque
1127 623 1233 720 periti
1259 631 1296 696 ct

184 745 288 842 aequi
321 743 475 837 iudices,
519 753 719 817 exstarent:
764 772 785 816 a
817 742 945 843 quibus
978 743 1052 843 legi
1086 753 1122 816 et
1156 743 1308 843 censeri-

183 862 313 961 volupe
340 876 395 937 est
420 875 456 938 et
482 875 577 938 certe
603 864 746 937 utile
714 890 769 958 er,
814 867 875 963 qui
900 865 991 936 iusta
1017 862 1295 960 reprehensione

184 982 270 1055 velit
293 985 471 1081 sapienter
495 986 547 1056 uti
572 987 668 1058 etin
693 1011 756 1058 sua
782 998 857 1059 arte
880 985 937 1077 vel
963 983 1099 1076 studio,
1128 991 1298 1082 quantum

116 1080 119 1089 ⁵
185 1114 323 1203 potest,
350 1105 535 1206 progredi.
591 1106 674 1199 Quo
700 1105 878 1181 lubentius
906 1102 1129 1213 Seebodio
1155 1104 1299 1177 tertiam
1352 1156 1354 1160 -

88 1246 92 1257 ·
186 1250 229 1297 ac
253 1233 326 1299 tres
348 1198 583 1325 insequlenles
596 1225 922 1300 Commentationcs
942 1224 1191 1325 grammaticas
1211 1247 1297 1296 con·

188 1347 281 1417 cessi
316 1347 353 1418 in
385 1347 490 1420 Novo
526 1344 700 1419 tabulario
739 1346 866 1444 philol.
907 1343 1159 1444 divulgandus,
1200 1341 1298 1417 unde

76 1552 79 1557 Ι
160 1463 352 1565 ‚dolebam
379 1493 439 1539 cas
458 1456 539 1538 ‘non
568 1493 701 1565 paucos
728 1492 869 1540 errores
902 1454 1202 1565 typographicos·
1213 1488 1299 1537 con·

80 1570 89 1601 ’
171 1587 353 1687 Ιιιιιιιίιειι.
427 1586 620 1660 Iucundins
656 1587 745 1658 illud
784 1587 884 1679 fuit,
922 1583 1018 1684 quod
1058 1583 1301 1682 compluribus

187 1701 320 1777 libellis
352 1708 441 1779 meis
473 1709 642 1808 contigit,
682 1718 722 1780 ut
751 1708 789 1779 in
822 1705 999 1798 Beclrii,
1038 1733 1133 1779 nunc
1164 1702 1300 1779 Gcrs·

191 1816 372 1919 dorfii,
398 1853 483 1898 cura
514 1828 660 1925 Lipsiae
694 1826 792 1900 edito
824 1826 1062 1924 Repertorio,
1106 1828 1144 1898 in
1176 1824 1301 1922 Ephe·

71 1992 74 1997 -
188 1941 385 2016 meridihus
438 1940 634 2018 litterarum
688 1945 938 2044 Lipsiensibns
993 1957 1030 2019 ct
1080 1944 1303 2020 scholasticis

190 2060 562 2177 Darmstadiensibus,
612 2065 691 2138 aliis
719 2065 896 2140 indicibus
920 2066 1101 2140 litterariis
1125 2088 1200 2139 non
1225 2067 1303 2138 sine

182 2182 517 2257 commendatione
523 2182 795 2292 indicarentur.
866 2188 966 2261 Hinc
1008 2189 1123 2285 repeti
1139 2178 1304 2294 uidetur

148 2382 155 2393 f
192 2299 327 2400 aliquid
364 2330 503 2400 posse·
515 2286 771 2401 excusationis,
815 2303 923 2408 quod
962 2308 1176 2382 scholastica
1213 2305 1304 2378 haec
1358 2320 1361 2325 '

190 2418 376 2520 Opuscola
401 2426 690 2503 Reietenoaatto
713 2428 926 2520 Fratribus,
970 2427 1070 2504 Viris
1094 2400 1304 2499 honestissi-

191 2544 278 2638 mis,
308 2547 521 2620 coniunctim
548 2547 685 2622 edenda
709 2550 916 2624 tradiderim
941 2548 1013 2639 sic,
1040 2545 1089 2618 ut
1104 2550 1199 2617 nurlc
1225 2544 1304 2643 qui·

192 2659 292 2735 dem
282 2670 595 2761 praetermissis
584 2671 629 2742 ris
654 2668 995 2760 Dissertationihus,
1032 2690 1120 2765 quas
1144 2663 1229 2737 inde
1256 2662 1302 2736 ab

81 2768 86 2777 ¹
192 2806 285 2854 anno
313 2783 430 2858 1811
459 2795 618 2863 extr-emo
649 2818 763 2892 usquc
796 2791 842 2863 ad
875 2789 958 2862 anni
989 2785 1114 2860 1820.
1144 2808 1304 2856 mensem

190 2899 363 2979 Martium
391 2882 644 3010 llrihergcnsls
677 2909 863 3009 Gymnasii
896 2908 1035 2979 Rector
1073 2904 1301 2999 scripseram,
1340 2981 1342 2985 y

106 3064 113 3107 ;
170 3028 235 3095 'ca
267 3032 402 3098 tantum
436 3030 606 3126 opuscula
639 3030 887 3128 colligerem,
914 3050 1026 3122 qaae,
1068 3023 1304 3098 Vimaricnsis

83 3200 86 3205 .
189 3138 378 3241 Gymnasii
408 3154 551 3225 nomine
586 3152 793 3242 coniuncta,
817 3140 1037 3219 'viderentur
1068 3144 1172 3217 unius
1203 3142 1304 3216 volu·

191 3263 297 3336 minis
322 3265 468 3343 modulo
494 3296 572 3344 esse
601 3276 835 3365 comparatu·
857 3248 860 3255 ¹
879 3263 1009 3362 Neque
1041 3272 1234 3360 potuerunt
1266 3264 1305 3334 in

192 3381 261 3457 lrac
283 3365 500 3462 collectionei
510 3389 705 3462 orationes
729 3372 860 3481 recipi,
890 3409 978 3482 quas
1002 3383 1113 3457 latino
1139 3407 1304 3457 sermone

107 3508 114 3521 ”
189 3505 237 3575 in·
264 3502 423 3581 discessu
446 3496 620 3579 ‘threnum
657 3530 677 3579 c
713 3490 900 3602 disciplina
932 3514 1056 3577 nostra
1089 3506 1127 3576 in
1160 3499 1304 3576 Acade·

160 3610 164 3618 ¹
192 3626 298 3698 mium
324 3625 622 3699 dimittentlorum·
637 3627 696 3701 vel
716 3627 799 3699 ¹aliis
822 3623 1070 3708 occasionibus
1091 3616 1301 3714 linhneram,

191 3754 309 3845 n‘equ'c
343 3718 547 3891 Garmlnt'q
579 3747 707 3847 quibus
743 3759 836 3848 ego,
884 3745 1071 3847 Gymnasii
1110 3737 1301 3842 interpres,

101 3884 105 3891 ’
192 3865 379 3963 aliquoties
411 3868 633 3942 com'm'nuem
672 3879 831 3942 nostram
871 3870 944 3942 sive
986 3867 1204 3974 laetitiam,
1228 3865 1303 3935 sive

190 3987 366 4057 tristitiam
391 3972 533 4084 publice
560 3990 856 4089 significaveram.

253 4103 383 4177 urat
408 4119 524 4180 autem
551 4107 648 4211 quod
673 4109 717 4183 dc
737 4104 1002 4219 opusculorum
1023 4104 1177 4179 editione
1202 4070 1302 4170 insti·

103 4266 110 4335 0·
191 4220 340 4317 tucrai'n
354 4227 416 4299 sic
432 4227 652 4324 faciendum,
680 4240 720 4302 ut
745 4214 924 4303 scribendi
949 4251 1094 4319 causas,
1131 4215 1303 4295 invitandi

193 4310 364 4416 formulas
391 4356 426 4418 ct
439 4349 600 4439 'nomina
613 4374 748 4423 corum
774 4338 1048 4451 discipulorum,
1087 4345 1163 4444 'qui
1183 4346 1303 4414 essent
