2836 4852
38 362 46 535 i

41 540 46 687 ,
61 562 64 569 .

840 160 849 197 t

198 366 203 383 ,
238 358 274 408 ,,
411 339 446 369 -1
645 325 937 392 enarrarre.

232 505 459 579 annotationi
492 500 713 601 potissimum
743 497 935 593 adderem,
976 516 1069 598 quae
1103 497 1150 572 ab
1174 499 1253 573 aliis
1278 498 1350 573 dis·

238 623 471 700 sentientibus
514 620 762 720 cognovissem
803 617 848 693 de
889 619 967 691 istis
989 666 999 692 [ι
1009 618 1118 708 rebus
1158 618 1348 718 disputata.

71 778 75 785 ·
188 786 191 790 -
239 743 350 838 Quod
377 768 459 816 cum
491 765 598 837 saepe
630 737 737 832 alias,
784 750 860 810 tum
896 740 935 811 in
970 765 1012 817 oa
1041 737 1350 845 commentatione

238 865 332 956 feei,
374 888 464 962 quae
490 859 682 934 estaltem
713 857 795 931 loeo
822 857 866 930 dc
880 859 1046 931 ’formula
1080 864 1201 933 nescio
1221 888 1269 933 aa
1292 859 1352 934 vel
1398 895 1401 899 ·

94 994 97 1029 ²
125 974 140 1077 J
238 985 337 1057 tmd
358 985 428 1056 scio
454 1009 502 1054 aa
528 987 620 1051 anno
646 976 769 1050 1822.
797 980 949 1075 primum
976 979 1092 1075 edita,
1131 993 1171 1052 ut
1195 1005 1288 1078 quae
1312 983 1350 1052 in

237 1101 387 1178 Catonis
408 1103 498 1178 Mai.
522 1100 676 1173 editione
701 1097 816 1181 ¹tribus
840 1100 942 1198 annis*
968 1110 1049 1171 ante
1075 1098 1122 1170 ad
1143 1097 1349 1194 0.1o,5o.
1380 1106 1398 1131 ’·

237 1225 481 1320 scripsissem,
509 1223 678 1295 Virorum
702 1217 887 1291 doctorum
915 1245 1065 1292 censura
1090 1220 1264 1294 adductus
1288 1246 1349 1300 ex·

236 1341 428 1440 plicarem,
463 1345 673 1439 praesertim
704 1367 784 1413 cum
811 1339 991 1438 aliquanto
1016 1337 1100 1437 post
1124 1340 1219 1413 idem
1245 1367 1349 1440 argu·

195 1454 393 1536 ''mentum
439 1461 509 1537 alio
556 1461 663 1537 modo
704 1460 881 1533 tractandi
923 1460 1120 1558 periculum
1166 1461 1347 1574 iecissem.

237 1582 512 1681 Tumpraeter
551 1581 640 1653 alios
675 1581 775 1655 Gar.
812 1582 1003 1654 Beierus
1040 1583 1078 1651 in
1116 1607 1268 1654 excursu
1303 1580 1350 1652 ad

206 1704 211 1723 “
237 1701 465 1785 Laelium-et
490 1703 617 1776 Ferd.
646 1701 849 1774 Handius
874 1704 912 1773 in
937 1699 1174 1776 I‘Volumine
1200 1699 1348 1773 'l'ursel-
1407 1728 1411 1733 ·

80 1826 83 1833 ’
134 1842 140 1855 ‘
236 1820 302 1892 tini
331 1846 430 1892 suam
460 1821 504 1893 de
540 1821 607 1893 hac
641 1820 819 1894 locutione
855 1824 1065 1895 sententiam
1095 1831 1346 1919 exposuerunt.

236 1939 289 2012 Ut
321 1942 430 2038 igitur
463 1965 554 2038 quae
589 1942 679 2012 scitu
714 1942 922 2041 dignissima
964 1941 1010 2013 ad
1051 1968 1170 2020 meam
1206 1967 1351 2013 causum

235 2061 478 2158 pertinerent,
528 2058 580 2131 iili
610 2060 912 2136 commentationi
945 2060 1134 2155 adderem,
1177 2059 1348 2158 pleraque
1399 2116 1409 2135 t

107 2178 116 2189 ’
161 2225 166 2235 ,
237 2182 314 2255 eius
341 2182 483 2280 generis
508 2182 546 2251 in
571 2192 674 2254 notas
700 2185 871 2263 conieci„
896 2184 956 2256 Ex
982 2209 1051 2283 qua
1076 2180 1349 2280 intelligentium
1380 2172 1389 2191 '

107 2336 112 2346 ·
235 2302 393 2374 virorum
429 2305 673 2375 controversia
705 2302 838 2402 aliquid
873 2303 919 2375 ad
952 2328 1015 2397 eos
1049 2301 1225 2376 redundat
1254 2299 1348 2373 utili·

132 2508 137 2523 ,
198 2398 337 2514 'um
379 2423 441 2519 qur
474 2448 538 2494 suo
573 2421 706 2525 inatus
740 2426 796 2495 nst
825 2423 970 2516 volunt,
1009 2421 1095 2520 qua
1127 2421 1351 2493 suttonam

125 2576 129 2585 ·
236 2541 297 2634 sit,
325 2543 525 2640 exquirere.
587 2528 748 2616 Fuerunt
773 2547 878 2617 etiam
902 2547 940 2615 iu
966 2540 1043 2617 aliis
1068 2539 1349 2642 Commentatio-

64 2682 68 2689 ·
127 2734 130 2739 ,
235 2659 341 2733 nibus
368 2662 627 2759 comparandae
652 2665 853 2757 Etzleri,
874 2652 1000 2763 Aug.
1030 2657 1364 2759 Grotefendii,

236 2779 632 2875 Weissenbornii,
683 2783 960 2877 Billrothii,
1011 2782 1161 2871 aliorum
1198 2783 1346 2876 scripta,

57 2890 71 2993 Ἰ
99 2964 104 2968 .
172 2934 175 2939 ·
216 2901 329 2993 unde
362 2912 584 2998 repeterem,
637 2929 729 3000 quae
764 2929 972 3000 comparare
1006 2904 1152 2975 lectoris
1187 2911 1349 2996 putarem

81 3096 86 3104 ,
133 3062 142 3071 -
188 3066 191 3071 ·
234 3021 421 3092 interesse.
477 3019 702 3117 Quamquam
734 3022 860 3096 modus
893 3023 961 3093 suit
991 3020 1073 3092 huic
1100 3022 1225 3118 generi
1249 3019 1348 3092 loeu-

60 3164 65 3179 '
151 3212 154 3217 ,
234 3137 437 3236 pletatiouis
458 3141 750 3233 constituendus,
795 3167 840 3213 ne
875 3141 981 3212 nimis
1013 3139 1233 3236 anquirendo
1261 3139 1348 3213 alio·

159 3298 164 3311 =
234 3286 329 3349 rum,
346 3259 390 3332 de
409 3256 462 3331 ¹re
489 3286 628 3357 quaque
661 3263 853 3334 sententias
879 3258 1078 3331 molestiam
1103 3260 1147 3332 iis
1173 3260 1346 3354 facerem,

108 3380 117 3399 “
235 3376 446 3479 quibuscum
470 3379 598 3452 vellem
624 3380 710 3478 quid
735 3383 811 3478 ipse
837 3382 1006 3452 sentirem
1032 3381 1308 3452 communicare.

328 3500 442 3572 Haec
465 3498 542 3572 fere
567 3499 730 3593 fuerunt,
759 3526 849 3599 quac
872 3499 1085 3574 benevolum
1108 3499 1281 3572 lectorem
1302 3497 1348 3573 (ie

234 3618 302 3695 hac
327 3616 593 3717 Opuseulorum
620 3620 774 3695 editione
800 3622 893 3694 scire
919 3621 1061 3695 vellem.

766 3794 837 3877 Α.
865 3792 934 3879 o.
963 3791 1294 3878 Gernnaro.
