<?xml version="1.0" encoding="UTF-8"?>
<!DOCTYPE html PUBLIC "-//W3C//DTD XHTML 1.0 Transitional//EN"
    "http://www.w3.org/TR/xhtml1/DTD/xhtml1-transitional.dtd">
<html xmlns="http://www.w3.org/1999/xhtml" xml:lang="en" lang="en">
 <head>
  <title>
</title>
<meta http-equiv="Content-Type" content="text/html;charset=utf-8" />
  <meta name='ocr-system' content='tesseract 3.04.00' />
  <meta name='ocr-capabilities' content='ocr_page ocr_carea ocr_par ocr_line ocrx_word'/>
</head>
<body>
  <div class='ocr_page' id='page_1' title='image "auggottgernhard00gerngoog_0066.png"; bbox 0 0 2836 4852; ppageno 0'>
   <div class='ocr_carea' id='block_1_1' title="bbox 1279 264 1306 321">
    <p class='ocr_par' dir='ltr' id='par_1_1' title="bbox 1279 264 1306 321">
     <span class='ocr_line' id='line_1_1' title="bbox 1279 264 1306 321; baseline 0 -6"><span class='ocrx_word' id='word_1_1' title='bbox 1279 264 1306 321; x_wconf 57' lang='grc' dir='ltr'>ἱ</span> 
     </span>
    </p>
   </div>
   <div class='ocr_carea' id='block_1_2' title="bbox 226 334 1091 416">
    <p class='ocr_par' dir='ltr' id='par_1_2' title="bbox 226 334 1091 416">
     <span class='ocr_line' id='line_1_2' title="bbox 226 334 1091 416; baseline -0.02 -2"><span class='ocrx_word' id='word_1_2' title='bbox 226 341 280 416; x_wconf 78' lang='grc'><strong>56</strong></span> <span class='ocrx_word' id='word_1_3' title='bbox 488 334 792 399; x_wconf 70' lang='lat' dir='ltr'><strong>commentario</strong></span> <span class='ocrx_word' id='word_1_4' title='bbox 814 334 1091 398; x_wconf 69' lang='lat' dir='ltr'><strong>scommatice</strong></span> 
     </span>
    </p>
   </div>
   <div class='ocr_carea' id='block_1_3' title="bbox 222 506 1330 1323">
    <p class='ocr_par' dir='ltr' id='par_1_3' title="bbox 222 506 1330 1323">
     <span class='ocr_line' id='line_1_3' title="bbox 224 506 1330 609; baseline 0 -26"><span class='ocrx_word' id='word_1_5' title='bbox 224 509 473 609; x_wconf 87' lang='lat' dir='ltr'><strong>particularum</strong></span> <span class='ocrx_word' id='word_1_6' title='bbox 500 509 558 580; x_wconf 84' lang='lat' dir='ltr'><strong>vel</strong></span> <span class='ocrx_word' id='word_1_7' title='bbox 581 517 685 605; x_wconf 89' lang='lat' dir='ltr'><strong>atque</strong></span> <span class='ocrx_word' id='word_1_8' title='bbox 712 519 765 597; x_wconf 88' lang='lat' dir='ltr'><strong>ct,</strong></span> <span class='ocrx_word' id='word_1_9' title='bbox 801 531 914 604; x_wconf 83' lang='lat' dir='ltr'><strong>quae,</strong></span> <span class='ocrx_word' id='word_1_10' title='bbox 959 506 1080 602; x_wconf 88' lang='lat' dir='ltr'><strong>priore</strong></span> <span class='ocrx_word' id='word_1_11' title='bbox 1106 506 1249 606; x_wconf 84' lang='lat' dir='ltr'><strong>quidem</strong></span> <span class='ocrx_word' id='word_1_12' title='bbox 1272 510 1330 595; x_wconf 69' lang='lat' dir='ltr'><strong>aelf</strong></span> 
     </span>
     <span class='ocr_line' id='line_1_4' title="bbox 225 604 1330 709; baseline -0.004 -25"><span class='ocrx_word' id='word_1_13' title='bbox 225 625 284 684; x_wconf 93' lang='lat' dir='ltr'><strong>aut</strong></span> <span class='ocrx_word' id='word_1_14' title='bbox 302 622 337 685; x_wconf 82' lang='lat' dir='ltr'><strong>et</strong></span> <span class='ocrx_word' id='word_1_15' title='bbox 357 614 504 702; x_wconf 90' lang='lat' dir='ltr'><strong>omisso,</strong></span> <span class='ocrx_word' id='word_1_16' title='bbox 529 638 596 708; x_wconf 93' lang='lat' dir='ltr'><strong>pro</strong></span> <span class='ocrx_word' id='word_1_17' title='bbox 617 613 721 682; x_wconf 84' lang='lat' dir='ltr'><strong>etium</strong></span> <span class='ocrx_word' id='word_1_18' title='bbox 741 618 968 705; x_wconf 77' lang='lat' dir='ltr'><strong>usurpantur.</strong></span> <span class='ocrx_word' id='word_1_19' title='bbox 1020 604 1079 680; x_wconf 82' lang='lat' dir='ltr'><strong>Ac</strong></span> <span class='ocrx_word' id='word_1_20' title='bbox 1102 613 1170 683; x_wconf 81' lang='lat' dir='ltr'><strong>tria</strong></span> <span class='ocrx_word' id='word_1_21' title='bbox 1188 606 1330 709; x_wconf 59' lang='grc' dir='ltr'><strong>ιιιιίιίιὲΙ</strong></span> 
     </span>
     <span class='ocr_line' id='line_1_5' title="bbox 224 710 1330 810; baseline -0.001 -24"><span class='ocrx_word' id='word_1_22' title='bbox 224 726 305 787; x_wconf 92' lang='lat' dir='ltr'><strong>sunt</strong></span> <span class='ocrx_word' id='word_1_23' title='bbox 330 713 558 789; x_wconf 81' lang='lat' dir='ltr'><strong>disiunctivae</strong></span> <span class='ocrx_word' id='word_1_24' title='bbox 590 712 879 810; x_wconf 75' lang='lat' dir='ltr'><strong>interrogationis</strong></span> <span class='ocrx_word' id='word_1_25' title='bbox 911 736 1043 809; x_wconf 79' lang='lat' dir='ltr'><strong>genera</strong></span> <span class='ocrx_word' id='word_1_26' title='bbox 1074 727 1113 785; x_wconf 93' lang='lat' dir='ltr'><strong>ut</strong></span> <span class='ocrx_word' id='word_1_27' title='bbox 1143 715 1182 785; x_wconf 91' lang='lat' dir='ltr'><strong>in</strong></span> <span class='ocrx_word' id='word_1_28' title='bbox 1211 710 1330 787; x_wconf 62' lang='lat' dir='ltr'><strong>reruu‘s</strong></span> 
     </span>
     <span class='ocr_line' id='line_1_6' title="bbox 224 811 1330 913; baseline 0.001 -23"><span class='ocrx_word' id='word_1_29' title='bbox 224 819 486 913; x_wconf 88' lang='lat' dir='ltr'><strong>comparatione</strong></span> <span class='ocrx_word' id='word_1_30' title='bbox 513 814 773 913; x_wconf 76' lang='lat' dir='ltr'><strong>distinguenda.</strong></span> <span class='ocrx_word' id='word_1_31' title='bbox 827 813 920 884; x_wconf 86' lang='lat' dir='ltr'><strong>Nam</strong></span> <span class='ocrx_word' id='word_1_32' title='bbox 949 811 1119 887; x_wconf 83' lang='lat' dir='ltr'><strong>dubitatio</strong></span> <span class='ocrx_word' id='word_1_33' title='bbox 1146 841 1227 891; x_wconf 83' lang='lat' dir='ltr'><strong>esse</strong></span> <span class='ocrx_word' id='word_1_34' title='bbox 1250 820 1330 913; x_wconf 65' lang='lat' dir='ltr'><strong>pot-i</strong></span> 
     </span>
     <span class='ocr_line' id='line_1_7' title="bbox 223 915 1330 1011; baseline -0.003 -18"><span class='ocrx_word' id='word_1_35' title='bbox 223 933 279 993; x_wconf 91' lang='lat' dir='ltr'><strong>est</strong></span> <span class='ocrx_word' id='word_1_36' title='bbox 309 930 369 989; x_wconf 89' lang='lat' dir='ltr'><strong>aut</strong></span> <span class='ocrx_word' id='word_1_37' title='bbox 400 918 444 988; x_wconf 91' lang='lat' dir='ltr'><strong>dc</strong></span> <span class='ocrx_word' id='word_1_38' title='bbox 476 915 644 1007; x_wconf 89' lang='lat' dir='ltr'><strong>diversis,</strong></span> <span class='ocrx_word' id='word_1_39' title='bbox 689 919 781 988; x_wconf 83' lang='lat' dir='ltr'><strong>inter</strong></span> <span class='ocrx_word' id='word_1_40' title='bbox 811 943 848 987; x_wconf 84' lang='lat' dir='ltr'><strong>se</strong></span> <span class='ocrx_word' id='word_1_41' title='bbox 879 928 994 987; x_wconf 67' lang='lat' dir='ltr'><strong>taram</strong></span> <span class='ocrx_word' id='word_1_42' title='bbox 1026 916 1330 1011; x_wconf 48' lang='lat' dir='ltr'><strong>consentientilffll</strong></span> 
     </span>
     <span class='ocr_line' id='line_1_8' title="bbox 223 1000 1330 1125; baseline -0.002 -32"><span class='ocrx_word' id='word_1_43' title='bbox 223 1021 330 1095; x_wconf 84' lang='lat' dir='ltr'><strong>rebus</strong></span> <span class='ocrx_word' id='word_1_44' title='bbox 356 1046 387 1091; x_wconf 89' lang='lat' dir='ltr'><strong>s.</strong></span> <span class='ocrx_word' id='word_1_45' title='bbox 417 1018 652 1125; x_wconf 87' lang='lat' dir='ltr'><strong>praedicatis,</strong></span> <span class='ocrx_word' id='word_1_46' title='bbox 672 1028 675 1037; x_wconf 82' lang='grc'><em>“</em></span> <span class='ocrx_word' id='word_1_47' title='bbox 696 1044 786 1115; x_wconf 86' lang='lat' dir='ltr'><strong>quae</strong></span> <span class='ocrx_word' id='word_1_48' title='bbox 821 1017 935 1089; x_wconf 86' lang='lat' dir='ltr'><strong>eidem</strong></span> <span class='ocrx_word' id='word_1_49' title='bbox 967 1017 1075 1089; x_wconf 90' lang='lat' dir='ltr'><strong>tribui</strong></span> <span class='ocrx_word' id='word_1_50' title='bbox 1099 1020 1159 1093; x_wconf 91' lang='lat' dir='ltr'><strong>vel</strong></span> <span class='ocrx_word' id='word_1_51' title='bbox 1189 1046 1266 1093; x_wconf 89' lang='lat' dir='ltr'><strong>esse</strong></span> <span class='ocrx_word' id='word_1_52' title='bbox 1284 1000 1330 1091; x_wconf 76' lang='lat' dir='ltr'><strong>nl</strong></span> 
     </span>
     <span class='ocr_line' id='line_1_9' title="bbox 223 1117 1330 1221; baseline -0.005 -24"><span class='ocrx_word' id='word_1_53' title='bbox 223 1122 349 1197; x_wconf 91' lang='lat' dir='ltr'><strong>eodem</strong></span> <span class='ocrx_word' id='word_1_54' title='bbox 374 1131 541 1217; x_wconf 75' lang='lat' dir='ltr'><strong>possunt,</strong></span> <span class='ocrx_word' id='word_1_55' title='bbox 569 1131 628 1193; x_wconf 89' lang='lat' dir='ltr'><strong>ut:</strong></span> <span class='ocrx_word' id='word_1_56' title='bbox 647 1123 778 1196; x_wconf 65' lang='lat' dir='ltr'><strong>„nescio</strong></span> <span class='ocrx_word' id='word_1_57' title='bbox 804 1131 922 1191; x_wconf 69' lang='lat' dir='ltr'><strong>otium</strong></span> <span class='ocrx_word' id='word_1_58' title='bbox 941 1117 1047 1191; x_wconf 79' lang='lat' dir='ltr'><strong>Caius</strong></span> <span class='ocrx_word' id='word_1_59' title='bbox 1068 1125 1206 1219; x_wconf 72' lang='lat' dir='ltr'><strong>iugenio</strong></span> <span class='ocrx_word' id='word_1_60' title='bbox 1223 1126 1330 1221; x_wconf 73' lang='lat' dir='ltr'><strong>piac-i</strong></span> 
     </span>
     <span class='ocr_line' id='line_1_10' title="bbox 222 1220 1330 1323; baseline 0.001 -26"><span class='ocrx_word' id='word_1_61' title='bbox 222 1236 324 1315; x_wconf 76' lang='lat' dir='ltr'><strong>stet,</strong></span> <span class='ocrx_word' id='word_1_62' title='bbox 346 1250 393 1294; x_wconf 78' lang='grc' dir='ltr'><strong>ιιι</strong></span> <span class='ocrx_word' id='word_1_63' title='bbox 423 1226 561 1318; x_wconf 66' lang='lat' dir='ltr'><strong>stadio,</strong></span> <span class='ocrx_word' id='word_1_64' title='bbox 605 1233 665 1307; x_wconf 86' lang='lat' dir='ltr'><strong>aut</strong></span> <span class='ocrx_word' id='word_1_65' title='bbox 690 1220 734 1293; x_wconf 90' lang='lat' dir='ltr'><strong>de</strong></span> <span class='ocrx_word' id='word_1_66' title='bbox 759 1220 1039 1320; x_wconf 74' lang='lat' dir='ltr'><strong>repugnantibus</strong></span> <span class='ocrx_word' id='word_1_67' title='bbox 1064 1225 1195 1319; x_wconf 83' lang='lat' dir='ltr'><strong>rebus,</strong></span> <span class='ocrx_word' id='word_1_68' title='bbox 1237 1228 1330 1323; x_wconf 68' lang='lat' dir='ltr'><strong>qun*</strong></span> 
     </span>
    </p>
   </div>
   <div class='ocr_carea' id='block_1_4' title="bbox 221 1326 1330 1936">
    <p class='ocr_par' dir='ltr' id='par_1_4' title="bbox 221 1326 1330 1936">
     <span class='ocr_line' id='line_1_11' title="bbox 223 1326 1215 1425; baseline 0.002 -26"><span class='ocrx_word' id='word_1_69' title='bbox 223 1338 304 1400; x_wconf 89' lang='lat' dir='ltr'><strong>sunt</strong></span> <span class='ocrx_word' id='word_1_70' title='bbox 331 1326 516 1399; x_wconf 87' lang='lat' dir='ltr'><strong>strictiore</strong></span> <span class='ocrx_word' id='word_1_71' title='bbox 547 1326 803 1425; x_wconf 75' lang='lat' dir='ltr'><strong>repugnantiae</strong></span> <span class='ocrx_word' id='word_1_72' title='bbox 836 1342 963 1417; x_wconf 89' lang='lat' dir='ltr'><strong>sensu,</strong></span> <span class='ocrx_word' id='word_1_73' title='bbox 1008 1327 1038 1395; x_wconf 91' lang='lat' dir='ltr'><strong>si</strong></span> <span class='ocrx_word' id='word_1_74' title='bbox 1072 1326 1215 1425; x_wconf 74' lang='lat' dir='ltr'><strong>logicae</strong></span> 
     </span>
     <span class='ocr_line' id='line_1_12' title="bbox 222 1427 1262 1529; baseline 0.007 -29"><span class='ocrx_word' id='word_1_75' title='bbox 222 1432 356 1526; x_wconf 89' lang='lat' dir='ltr'><strong>peritos</strong></span> <span class='ocrx_word' id='word_1_76' title='bbox 382 1427 579 1529; x_wconf 74' lang='lat' dir='ltr'><strong>audis12),</strong></span> <span class='ocrx_word' id='word_1_77' title='bbox 607 1439 666 1500; x_wconf 90' lang='lat' dir='ltr'><strong>aut</strong></span> <span class='ocrx_word' id='word_1_78' title='bbox 692 1428 922 1501; x_wconf 69' lang='lat' dir='ltr'><strong>contraries.</strong></span> <span class='ocrx_word' id='word_1_79' title='bbox 951 1452 1017 1522; x_wconf 93' lang='lat' dir='ltr'><strong>per</strong></span> <span class='ocrx_word' id='word_1_80' title='bbox 1040 1430 1262 1524; x_wconf 84' lang='lat' dir='ltr'><strong>positionem.</strong></span> 
     </span>
     <span class='ocr_line' id='line_1_13' title="bbox 222 1529 1314 1629; baseline 0 -26"><span class='ocrx_word' id='word_1_81' title='bbox 222 1533 331 1604; x_wconf 91' lang='lat' dir='ltr'><strong>terius</strong></span> <span class='ocrx_word' id='word_1_82' title='bbox 347 1532 545 1627; x_wconf 84' lang='lat' dir='ltr'><strong>oppositae,</strong></span> <span class='ocrx_word' id='word_1_83' title='bbox 567 1540 625 1603; x_wconf 89' lang='lat' dir='ltr'><strong>ut:</strong></span> <span class='ocrx_word' id='word_1_84' title='bbox 654 1531 768 1602; x_wconf 77' lang='lat' dir='ltr'><strong>nescio</strong></span> <span class='ocrx_word' id='word_1_85' title='bbox 786 1540 902 1600; x_wconf 72' lang='lat' dir='ltr'><strong>rituam</strong></span> <span class='ocrx_word' id='word_1_86' title='bbox 918 1529 1087 1622; x_wconf 79' lang='lat' dir='ltr'><strong>dicessit,</strong></span> <span class='ocrx_word' id='word_1_87' title='bbox 1112 1557 1162 1602; x_wconf 80' lang='lat' dir='ltr'><strong>un</strong></span> <span class='ocrx_word' id='word_1_88' title='bbox 1176 1554 1314 1629; x_wconf 60' lang='lat' dir='ltr'><strong>paupers</strong></span> 
     </span>
     <span class='ocr_line' id='line_1_14' title="bbox 222 1631 1330 1730; baseline -0.005 -24"><span class='ocrx_word' id='word_1_89' title='bbox 222 1648 282 1707; x_wconf 88' lang='lat' dir='ltr'><strong>aut</strong></span> <span class='ocrx_word' id='word_1_90' title='bbox 315 1635 601 1725; x_wconf 66' lang='lat' dir='ltr'><strong>coamatltctorie,</strong></span> <span class='ocrx_word' id='word_1_91' title='bbox 649 1659 715 1730; x_wconf 88' lang='lat' dir='ltr'><strong>per</strong></span> <span class='ocrx_word' id='word_1_92' title='bbox 748 1631 944 1728; x_wconf 82' lang='lat' dir='ltr'><strong>simplicem</strong></span> <span class='ocrx_word' id='word_1_93' title='bbox 979 1635 1226 1730; x_wconf 74' lang='lat' dir='ltr'><strong>negationem,</strong></span> <span class='ocrx_word' id='word_1_94' title='bbox 1262 1639 1330 1703; x_wconf 77' lang='lat' dir='ltr'><strong>utr-</strong></span> 
     </span>
     <span class='ocr_line' id='line_1_15' title="bbox 222 1733 1307 1835; baseline 0.002 -29"><span class='ocrx_word' id='word_1_95' title='bbox 222 1739 336 1808; x_wconf 82' lang='lat' dir='ltr'><strong>uescio</strong></span> <span class='ocrx_word' id='word_1_96' title='bbox 354 1746 471 1806; x_wconf 81' lang='lat' dir='ltr'><strong>utrum</strong></span> <span class='ocrx_word' id='word_1_97' title='bbox 488 1737 656 1825; x_wconf 80' lang='lat' dir='ltr'><strong>dicessit,</strong></span> <span class='ocrx_word' id='word_1_98' title='bbox 686 1762 732 1823; x_wconf 77' lang='lat' dir='ltr'><strong>pn</strong></span> <span class='ocrx_word' id='word_1_99' title='bbox 752 1760 836 1805; x_wconf 84' lang='lat' dir='ltr'><strong>non.</strong></span> <span class='ocrx_word' id='word_1_100' title='bbox 890 1733 935 1803; x_wconf 89' lang='lat' dir='ltr'><strong>ln</strong></span> <span class='ocrx_word' id='word_1_101' title='bbox 959 1736 1065 1807; x_wconf 90' lang='lat' dir='ltr'><strong>tertio</strong></span> <span class='ocrx_word' id='word_1_102' title='bbox 1087 1734 1158 1809; x_wconf 90' lang='lat' dir='ltr'><strong>boc</strong></span> <span class='ocrx_word' id='word_1_103' title='bbox 1180 1754 1307 1835; x_wconf 67' lang='lat' dir='ltr'><strong>geum,</strong></span> 
     </span>
     <span class='ocr_line' id='line_1_16' title="bbox 221 1835 1307 1936; baseline 0.002 -27"><span class='ocrx_word' id='word_1_104' title='bbox 221 1837 319 1936; x_wconf 86' lang='lat' dir='ltr'><strong>quod</strong></span> <span class='ocrx_word' id='word_1_105' title='bbox 338 1835 446 1909; x_wconf 91' lang='lat' dir='ltr'><strong>babet</strong></span> <span class='ocrx_word' id='word_1_106' title='bbox 468 1837 764 1910; x_wconf 80' lang='lat' dir='ltr'><strong>contradictoriae</strong></span> <span class='ocrx_word' id='word_1_107' title='bbox 786 1835 1030 1909; x_wconf 89' lang='lat' dir='ltr'><strong>disiunctionis</strong></span> <span class='ocrx_word' id='word_1_108' title='bbox 1053 1840 1307 1935; x_wconf 65' lang='lat' dir='ltr'><strong>oppositionem</strong></span> 
     </span>
    </p>
   </div>
   <div class='ocr_carea' id='block_1_5' title="bbox 139 1938 1308 2041">
    <p class='ocr_par' dir='ltr' id='par_1_5' title="bbox 139 1938 1308 2041">
     <span class='ocr_line' id='line_1_17' title="bbox 139 1938 1308 2041; baseline 0.002 -31"><span class='ocrx_word' id='word_1_109' title='bbox 139 2016 143 2025; x_wconf 22' lang='lat'>³</span> <span class='ocrx_word' id='word_1_110' title='bbox 221 1941 386 2038; x_wconf 73' lang='lat' dir='ltr'><strong>negativa</strong></span> <span class='ocrx_word' id='word_1_111' title='bbox 417 1938 590 2034; x_wconf 90' lang='lat' dir='ltr'><strong>particula</strong></span> <span class='ocrx_word' id='word_1_112' title='bbox 621 1938 764 2011; x_wconf 75' lang='lat' dir='ltr'><strong>canora?</strong></span> <span class='ocrx_word' id='word_1_113' title='bbox 805 1948 865 2009; x_wconf 88' lang='lat' dir='ltr'><strong>aut</strong></span> <span class='ocrx_word' id='word_1_114' title='bbox 897 1964 961 2011; x_wconf 80' lang='lat' dir='ltr'><strong>nec</strong></span> <span class='ocrx_word' id='word_1_115' title='bbox 994 1966 1038 2011; x_wconf 81' lang='lat' dir='ltr'><strong>uc</strong></span> <span class='ocrx_word' id='word_1_116' title='bbox 1057 1939 1143 2041; x_wconf 77' lang='lat'><strong>²³)?</strong></span> <span class='ocrx_word' id='word_1_117' title='bbox 1180 1940 1308 2019; x_wconf 73' lang='lat' dir='ltr'><strong>alum,-</strong></span> 
     </span>
    </p>
   </div>
   <div class='ocr_carea' id='block_1_6' title="bbox 203 2172 1326 4381">
    <p class='ocr_par' dir='ltr' id='par_1_6' title="bbox 225 2172 1315 2514">
     <span class='ocr_line' id='line_1_18' title="bbox 225 2172 1310 2257; baseline 0.001 -25"><span class='ocrx_word' id='word_1_118' title='bbox 225 2174 275 2257; x_wconf 80' lang='lat' dir='ltr'><strong>ta)</strong></span> <span class='ocrx_word' id='word_1_119' title='bbox 306 2176 351 2239; x_wconf 56' lang='grc' dir='ltr'>δι’.</span> <span class='ocrx_word' id='word_1_120' title='bbox 374 2175 480 2233; x_wconf 83' lang='lat' dir='ltr'><strong>With.</strong></span> <span class='ocrx_word' id='word_1_121' title='bbox 504 2174 637 2253; x_wconf 84' lang='lat' dir='ltr'><strong>Traug.</strong></span> <span class='ocrx_word' id='word_1_122' title='bbox 659 2174 796 2255; x_wconf 78' lang='lat' dir='ltr'><strong>Krug&#39;s</strong></span> <span class='ocrx_word' id='word_1_123' title='bbox 819 2172 937 2254; x_wconf 76' lang='lat' dir='ltr'><strong>Syatcm</strong></span> <span class='ocrx_word' id='word_1_124' title='bbox 954 2179 1008 2236; x_wconf 81' lang='lat' dir='ltr'><strong>der</strong></span> <span class='ocrx_word' id='word_1_125' title='bbox 1025 2177 1240 2251; x_wconf 66' lang='lat' dir='ltr'><strong>theomachia</strong></span> <span class='ocrx_word' id='word_1_126' title='bbox 1251 2172 1310 2233; x_wconf 68' lang='lat' dir='ltr'><strong>Pii*</strong></span> 
     </span>
     <span class='ocr_line' id='line_1_19' title="bbox 307 2256 1311 2341; baseline 0 -23"><span class='ocrx_word' id='word_1_127' title='bbox 307 2259 444 2341; x_wconf 81' lang='lat' dir='ltr'><strong>losopbt&#39;c.</strong></span> <span class='ocrx_word' id='word_1_128' title='bbox 467 2259 495 2324; x_wconf 85' lang='lat' dir='ltr'><strong>l.</strong></span> <span class='ocrx_word' id='word_1_129' title='bbox 512 2256 563 2322; x_wconf 80' lang='grc' dir='ltr'>ΤΙι.</span> <span class='ocrx_word' id='word_1_130' title='bbox 585 2258 890 2338; x_wconf 76' lang='lat' dir='ltr'><strong>Kdoigtdcrg.1819.</strong></span> <span class='ocrx_word' id='word_1_131' title='bbox 908 2267 936 2340; x_wconf 67' lang='grc' dir='ltr'><strong>ξ</strong></span> <span class='ocrx_word' id='word_1_132' title='bbox 950 2266 1000 2320; x_wconf 85' lang='grc'><strong>38.</strong></span> <span class='ocrx_word' id='word_1_133' title='bbox 1043 2263 1115 2323; x_wconf 83' lang='lat' dir='ltr'><strong>Cum</strong></span> <span class='ocrx_word' id='word_1_134' title='bbox 1128 2268 1159 2323; x_wconf 91' lang='lat' dir='ltr'><strong>in</strong></span> <span class='ocrx_word' id='word_1_135' title='bbox 1175 2266 1228 2323; x_wconf 89' lang='lat' dir='ltr'><strong>hac</strong></span> <span class='ocrx_word' id='word_1_136' title='bbox 1240 2262 1311 2321; x_wconf 81' lang='lat' dir='ltr'><strong>Ceut·</strong></span> 
     </span>
     <span class='ocr_line' id='line_1_20' title="bbox 305 2345 1314 2428; baseline 0.007 -23"><span class='ocrx_word' id='word_1_137' title='bbox 305 2349 482 2405; x_wconf 78' lang='lat' dir='ltr'><strong>mentatione</strong></span> <span class='ocrx_word' id='word_1_138' title='bbox 504 2365 529 2422; x_wconf 88' lang='lat' dir='ltr'><strong>p.</strong></span> <span class='ocrx_word' id='word_1_139' title='bbox 547 2349 575 2403; x_wconf 83' lang='lat'><strong>7.</strong></span> <span class='ocrx_word' id='word_1_140' title='bbox 598 2345 633 2402; x_wconf 93' lang='lat' dir='ltr'><strong>de</strong></span> <span class='ocrx_word' id='word_1_141' title='bbox 647 2345 748 2404; x_wconf 89' lang='lat' dir='ltr'><strong>borum</strong></span> <span class='ocrx_word' id='word_1_142' title='bbox 763 2366 899 2428; x_wconf 81' lang='lat' dir='ltr'><strong>generum</strong></span> <span class='ocrx_word' id='word_1_143' title='bbox 913 2349 1108 2423; x_wconf 84' lang='lat' dir='ltr'><strong>distinctione,</strong></span> <span class='ocrx_word' id='word_1_144' title='bbox 1131 2353 1156 2408; x_wconf 88' lang='lat' dir='ltr'><strong>si</strong></span> <span class='ocrx_word' id='word_1_145' title='bbox 1169 2350 1314 2428; x_wconf 76' lang='lat' dir='ltr'><strong>quaeritari</strong></span> 
     </span>
     <span class='ocr_line' id='line_1_21' title="bbox 306 2430 1315 2514; baseline 0.004 -25"><span class='ocrx_word' id='word_1_146' title='bbox 306 2435 433 2510; x_wconf 88' lang='lat' dir='ltr'><strong>quaesit</strong></span> <span class='ocrx_word' id='word_1_147' title='bbox 454 2432 597 2490; x_wconf 89' lang='lat' dir='ltr'><strong>sententia</strong></span> <span class='ocrx_word' id='word_1_148' title='bbox 618 2435 761 2512; x_wconf 80' lang='lat' dir='ltr'><strong>suppressi</strong></span> <span class='ocrx_word' id='word_1_149' title='bbox 782 2434 903 2491; x_wconf 87' lang='lat' dir='ltr'><strong>membri</strong></span> <span class='ocrx_word' id='word_1_150' title='bbox 923 2436 1160 2514; x_wconf 82' lang='lat' dir='ltr'><strong>interrogationis</strong></span> <span class='ocrx_word' id='word_1_151' title='bbox 1176 2430 1315 2513; x_wconf 73' lang='lat' dir='ltr'><strong>disiuncti·</strong></span> 
     </span>
    </p>

    <p class='ocr_par' dir='ltr' id='par_1_7' title="bbox 224 2518 1326 3789">
     <span class='ocr_line' id='line_1_22' title="bbox 272 2518 1317 2603; baseline -0.004 -24"><span class='ocrx_word' id='word_1_152' title='bbox 272 2586 275 2603; x_wconf 51' lang='grc' dir='ltr'>Ι</span> <span class='ocrx_word' id='word_1_153' title='bbox 305 2538 358 2579; x_wconf 84' lang='lat' dir='ltr'><strong>vae</strong></span> <span class='ocrx_word' id='word_1_154' title='bbox 371 2519 536 2596; x_wconf 87' lang='lat' dir='ltr'><strong>cogitanda,</strong></span> <span class='ocrx_word' id='word_1_155' title='bbox 558 2518 784 2576; x_wconf 81' lang='lat' dir='ltr'><strong>disiunctionem</strong></span> <span class='ocrx_word' id='word_1_156' title='bbox 806 2520 975 2592; x_wconf 87' lang='lat' dir='ltr'><strong>simpliciter</strong></span> <span class='ocrx_word' id='word_1_157' title='bbox 996 2521 1132 2578; x_wconf 83' lang='lat' dir='ltr'><strong>dixissem</strong></span> <span class='ocrx_word' id='word_1_158' title='bbox 1155 2536 1214 2590; x_wconf 82' lang='lat' dir='ltr'><strong>eam</strong></span> <span class='ocrx_word' id='word_1_159' title='bbox 1236 2536 1317 2595; x_wconf 84' lang='lat' dir='ltr'><strong>oppa·</strong></span> 
     </span>
     <span class='ocr_line' id='line_1_23' title="bbox 304 2605 1317 2685; baseline -0.001 -23"><span class='ocrx_word' id='word_1_160' title='bbox 304 2605 446 2675; x_wconf 87' lang='lat' dir='ltr'><strong>sitionem,</strong></span> <span class='ocrx_word' id='word_1_161' title='bbox 471 2621 543 2679; x_wconf 88' lang='lat' dir='ltr'><strong>quae</strong></span> <span class='ocrx_word' id='word_1_162' title='bbox 559 2613 603 2661; x_wconf 86' lang='lat' dir='ltr'><strong>est</strong></span> <span class='ocrx_word' id='word_1_163' title='bbox 617 2622 717 2660; x_wconf 86' lang='lat' dir='ltr'><strong>rerum</strong></span> <span class='ocrx_word' id='word_1_164' title='bbox 731 2606 778 2662; x_wconf 82' lang='lat' dir='ltr'><strong>vel</strong></span> <span class='ocrx_word' id='word_1_165' title='bbox 795 2607 956 2673; x_wconf 90' lang='lat' dir='ltr'><strong>notionum,</strong></span> <span class='ocrx_word' id='word_1_166' title='bbox 979 2616 1011 2661; x_wconf 91' lang='lat' dir='ltr'><strong>ut</strong></span> <span class='ocrx_word' id='word_1_167' title='bbox 1032 2607 1122 2685; x_wconf 82' lang='lat' dir='ltr'><strong>logici</strong></span> <span class='ocrx_word' id='word_1_168' title='bbox 1143 2608 1234 2676; x_wconf 89' lang='lat' dir='ltr'><strong>aiunt,</strong></span> <span class='ocrx_word' id='word_1_169' title='bbox 1254 2620 1317 2661; x_wconf 81' lang='lat' dir='ltr'><strong>cau·</strong></span> 
     </span>
     <span class='ocr_line' id='line_1_24' title="bbox 303 2690 1318 2770; baseline -0.003 -23"><span class='ocrx_word' id='word_1_170' title='bbox 303 2690 488 2747; x_wconf 86' lang='lat' dir='ltr'><strong>sentientium</strong></span> <span class='ocrx_word' id='word_1_171' title='bbox 509 2690 532 2746; x_wconf 82' lang='lat' dir='ltr'><strong>a.</strong></span> <span class='ocrx_word' id='word_1_172' title='bbox 553 2691 800 2760; x_wconf 84' lang='lat' dir='ltr'><strong>convenientium,</strong></span> <span class='ocrx_word' id='word_1_173' title='bbox 824 2708 914 2761; x_wconf 90' lang='lat' dir='ltr'><strong>nunc,</strong></span> <span class='ocrx_word' id='word_1_174' title='bbox 938 2700 970 2747; x_wconf 90' lang='lat' dir='ltr'><strong>ut</strong></span> <span class='ocrx_word' id='word_1_175' title='bbox 993 2694 1177 2770; x_wconf 85' lang='lat' dir='ltr'><strong>corrigerem,</strong></span> <span class='ocrx_word' id='word_1_176' title='bbox 1199 2690 1318 2769; x_wconf 47' lang='lat' dir='ltr'><strong>explica?</strong></span> 
     </span>
     <span class='ocr_line' id='line_1_25' title="bbox 303 2768 1322 2849; baseline -0.001 -16"><span class='ocrx_word' id='word_1_177' title='bbox 303 2777 361 2833; x_wconf 87' lang='lat' dir='ltr'><strong>tius</strong></span> <span class='ocrx_word' id='word_1_178' title='bbox 382 2773 445 2830; x_wconf 88' lang='lat' dir='ltr'><strong>dixi</strong></span> <span class='ocrx_word' id='word_1_179' title='bbox 460 2774 530 2849; x_wconf 89' lang='lat' dir='ltr'><strong>quid</strong></span> <span class='ocrx_word' id='word_1_180' title='bbox 551 2775 696 2846; x_wconf 78' lang='lat' dir='ltr'><strong>sentirem,</strong></span> <span class='ocrx_word' id='word_1_181' title='bbox 720 2776 847 2832; x_wconf 86' lang='lat' dir='ltr'><strong>monitus</strong></span> <span class='ocrx_word' id='word_1_182' title='bbox 869 2776 956 2832; x_wconf 84' lang='lat' dir='ltr'><strong>etiam</strong></span> <span class='ocrx_word' id='word_1_183' title='bbox 978 2776 1013 2832; x_wconf 89' lang='lat' dir='ltr'><strong>ab</strong></span> <span class='ocrx_word' id='word_1_184' title='bbox 1037 2774 1182 2835; x_wconf 88' lang='lat' dir='ltr'><strong>Handio</strong></span> <span class='ocrx_word' id='word_1_185' title='bbox 1205 2775 1285 2834; x_wconf 78' lang='lat' dir='ltr'><strong>l&#39;urs.</strong></span> <span class='ocrx_word' id='word_1_186' title='bbox 1298 2768 1322 2828; x_wconf 85' lang='lat' dir='ltr'><strong>l·</strong></span> 
     </span>
     <span class='ocr_line' id='line_1_26' title="bbox 224 2879 1323 3028; baseline 0 -27"><span class='ocrx_word' id='word_1_187' title='bbox 224 2944 272 3028; x_wconf 84' lang='grc'><strong>13)</strong></span> <span class='ocrx_word' id='word_1_188' title='bbox 302 2879 521 3001; x_wconf 68' lang='lat' dir='ltr'><strong>beverlacum</strong></span> <span class='ocrx_word' id='word_1_189' title='bbox 544 2961 584 3000; x_wconf 79' lang='lat' dir='ltr'><strong>un</strong></span> <span class='ocrx_word' id='word_1_190' title='bbox 613 2963 670 3001; x_wconf 84' lang='lat' dir='ltr'><strong>non</strong></span> <span class='ocrx_word' id='word_1_191' title='bbox 698 2954 727 3001; x_wconf 86' lang='lat' dir='ltr'><strong>et</strong></span> <span class='ocrx_word' id='word_1_192' title='bbox 757 2963 847 3003; x_wconf 79' lang='lat' dir='ltr'><strong>necne</strong></span> <span class='ocrx_word' id='word_1_193' title='bbox 875 2948 906 3001; x_wconf 90' lang='lat' dir='ltr'><strong>in</strong></span> <span class='ocrx_word' id='word_1_194' title='bbox 936 2945 1074 3020; x_wconf 85' lang='lat' dir='ltr'><strong>bipartita</strong></span> <span class='ocrx_word' id='word_1_195' title='bbox 1099 2946 1323 3027; x_wconf 70' lang='lat' dir='ltr'><strong>interrogatione</strong></span> 
     </span>
     <span class='ocr_line' id='line_1_27' title="bbox 302 3026 1322 3108; baseline 0 -23"><span class='ocrx_word' id='word_1_196' title='bbox 302 3028 467 3085; x_wconf 85' lang='lat' dir='ltr'><strong>discrimine</strong></span> <span class='ocrx_word' id='word_1_197' title='bbox 489 3026 656 3085; x_wconf 74' lang='lat' dir='ltr'><strong>blandius</strong></span> <span class='ocrx_word' id='word_1_198' title='bbox 679 3030 709 3084; x_wconf 91' lang='lat' dir='ltr'><strong>in</strong></span> <span class='ocrx_word' id='word_1_199' title='bbox 723 3026 807 3087; x_wconf 83' lang='lat' dir='ltr'><strong>Ture.</strong></span> <span class='ocrx_word' id='word_1_200' title='bbox 823 3030 843 3087; x_wconf 92' lang='lat' dir='ltr'><strong>l.</strong></span> <span class='ocrx_word' id='word_1_201' title='bbox 867 3051 892 3106; x_wconf 90' lang='lat' dir='ltr'><strong>p.</strong></span> <span class='ocrx_word' id='word_1_202' title='bbox 908 3031 977 3089; x_wconf 85' lang='grc'><strong>340.</strong></span> <span class='ocrx_word' id='word_1_203' title='bbox 992 3050 1050 3108; x_wconf 88' lang='lat' dir='ltr'><strong>seq.</strong></span> <span class='ocrx_word' id='word_1_204' title='bbox 1068 3033 1140 3089; x_wconf 86' lang='lat' dir='ltr'><strong>scite</strong></span> <span class='ocrx_word' id='word_1_205' title='bbox 1157 3030 1322 3106; x_wconf 76' lang='lat' dir='ltr'><strong>disputavit.</strong></span> 
     </span>
     <span class='ocr_line' id='line_1_28' title="bbox 298 3108 1326 3191; baseline 0.004 -23"><span class='ocrx_word' id='word_1_206' title='bbox 298 3108 383 3185; x_wconf 82' lang='lat' dir='ltr'><strong>„Nec</strong></span> <span class='ocrx_word' id='word_1_207' title='bbox 405 3114 479 3168; x_wconf 88' lang='lat' dir='ltr'><strong>enim</strong></span> <span class='ocrx_word' id='word_1_208' title='bbox 504 3113 534 3169; x_wconf 91' lang='lat' dir='ltr'><strong>in</strong></span> <span class='ocrx_word' id='word_1_209' title='bbox 557 3128 647 3170; x_wconf 79' lang='lat' dir='ltr'><strong>necno</strong></span> <span class='ocrx_word' id='word_1_210' title='bbox 669 3132 725 3170; x_wconf 90' lang='lat' dir='ltr'><strong>non</strong></span> <span class='ocrx_word' id='word_1_211' title='bbox 740 3115 944 3174; x_wconf 83' lang='lat' dir='ltr'><strong>disiunctivam</strong></span> <span class='ocrx_word' id='word_1_212' title='bbox 965 3110 1136 3191; x_wconf 85' lang='lat' dir='ltr'><strong>potestatem</strong></span> <span class='ocrx_word' id='word_1_213' title='bbox 1158 3118 1252 3189; x_wconf 89' lang='lat' dir='ltr'><strong>babet,</strong></span> <span class='ocrx_word' id='word_1_214' title='bbox 1272 3108 1326 3172; x_wconf 70' lang='lat' dir='ltr'><strong>scd</strong></span> 
     </span>
     <span class='ocr_line' id='line_1_29' title="bbox 299 3198 1323 3279; baseline 0.001 -24"><span class='ocrx_word' id='word_1_215' title='bbox 299 3199 507 3273; x_wconf 83' lang='lat' dir='ltr'><strong>copulativam,</strong></span> <span class='ocrx_word' id='word_1_216' title='bbox 533 3215 623 3273; x_wconf 84' lang='lat' dir='ltr'><strong>eoque</strong></span> <span class='ocrx_word' id='word_1_217' title='bbox 645 3200 738 3272; x_wconf 87' lang='lat' dir='ltr'><strong>posito</strong></span> <span class='ocrx_word' id='word_1_218' title='bbox 761 3204 948 3259; x_wconf 86' lang='lat' dir='ltr'><strong>continuatur</strong></span> <span class='ocrx_word' id='word_1_219' title='bbox 968 3220 1026 3259; x_wconf 81' lang='lat' dir='ltr'><strong>una</strong></span> <span class='ocrx_word' id='word_1_220' title='bbox 1048 3206 1178 3277; x_wconf 82' lang='lat' dir='ltr'><strong>quaestio</strong></span> <span class='ocrx_word' id='word_1_221' title='bbox 1200 3220 1251 3279; x_wconf 88' lang='lat' dir='ltr'><strong>pcr</strong></span> <span class='ocrx_word' id='word_1_222' title='bbox 1270 3198 1323 3259; x_wconf 71' lang='lat' dir='ltr'><strong>at·</strong></span> 
     </span>
     <span class='ocr_line' id='line_1_30' title="bbox 260 3283 1324 3367; baseline 0.002 -24"><span class='ocrx_word' id='word_1_223' title='bbox 260 3338 263 3343; x_wconf 92' lang='lat'><strong>.</strong></span> <span class='ocrx_word' id='word_1_224' title='bbox 297 3285 402 3340; x_wconf 88' lang='lat' dir='ltr'><strong>iectam</strong></span> <span class='ocrx_word' id='word_1_225' title='bbox 423 3283 618 3361; x_wconf 82' lang='lat' dir='ltr'><strong>negationem:</strong></span> <span class='ocrx_word' id='word_1_226' title='bbox 642 3285 732 3341; x_wconf 84' lang='lat' dir='ltr'><strong>veluti</strong></span> <span class='ocrx_word' id='word_1_227' title='bbox 747 3305 833 3361; x_wconf 82' lang='lat' dir='ltr'><strong>quum</strong></span> <span class='ocrx_word' id='word_1_228' title='bbox 845 3284 961 3362; x_wconf 76' lang='lat' dir='ltr'><strong>quiere,</strong></span> <span class='ocrx_word' id='word_1_229' title='bbox 984 3288 1056 3367; x_wconf 80' lang='lat' dir='ltr'><strong>illud</strong></span> <span class='ocrx_word' id='word_1_230' title='bbox 1076 3289 1128 3346; x_wconf 85' lang='lat' dir='ltr'><strong>liat</strong></span> <span class='ocrx_word' id='word_1_231' title='bbox 1150 3287 1324 3355; x_wconf 76' lang='lat' dir='ltr'><strong>nauriebat,</strong></span> 
     </span>
     <span class='ocr_line' id='line_1_31' title="bbox 299 3366 1324 3450; baseline 0.004 -26"><span class='ocrx_word' id='word_1_232' title='bbox 299 3369 356 3426; x_wconf 88' lang='lat' dir='ltr'><strong>duo</strong></span> <span class='ocrx_word' id='word_1_233' title='bbox 373 3366 652 3442; x_wconf 83' lang='lat' dir='ltr'><strong>comprehenduntur</strong></span> <span class='ocrx_word' id='word_1_234' title='bbox 667 3389 723 3429; x_wconf 90' lang='lat' dir='ltr'><strong>uno</strong></span> <span class='ocrx_word' id='word_1_235' title='bbox 742 3375 866 3446; x_wconf 89' lang='lat' dir='ltr'><strong>nomine,</strong></span> <span class='ocrx_word' id='word_1_236' title='bbox 888 3373 952 3431; x_wconf 89' lang='lat' dir='ltr'><strong>fieri</strong></span> <span class='ocrx_word' id='word_1_237' title='bbox 974 3385 1003 3431; x_wconf 89' lang='lat' dir='ltr'><strong>et</strong></span> <span class='ocrx_word' id='word_1_238' title='bbox 1025 3392 1082 3431; x_wconf 90' lang='lat' dir='ltr'><strong>non</strong></span> <span class='ocrx_word' id='word_1_239' title='bbox 1103 3374 1168 3433; x_wconf 89' lang='lat' dir='ltr'><strong>fieri</strong></span> <span class='ocrx_word' id='word_1_240' title='bbox 1191 3380 1324 3450; x_wconf 63' lang='lat' dir='ltr'><strong>aequem</strong></span> 
     </span>
     <span class='ocr_line' id='line_1_32' title="bbox 299 3452 1319 3535; baseline 0.006 -24"><span class='ocrx_word' id='word_1_241' title='bbox 299 3455 384 3511; x_wconf 86' lang='lat' dir='ltr'><strong>simul</strong></span> <span class='ocrx_word' id='word_1_242' title='bbox 398 3452 515 3510; x_wconf 89' lang='lat' dir='ltr'><strong>dubium</strong></span> <span class='ocrx_word' id='word_1_243' title='bbox 530 3472 598 3509; x_wconf 87' lang='lat' dir='ltr'><strong>csse.</strong></span> <span class='ocrx_word' id='word_1_244' title='bbox 642 3454 700 3513; x_wconf 90' lang='lat' dir='ltr'><strong>Ubi</strong></span> <span class='ocrx_word' id='word_1_245' title='bbox 721 3469 815 3515; x_wconf 87' lang='lat' dir='ltr'><strong>autem</strong></span> <span class='ocrx_word' id='word_1_246' title='bbox 838 3461 980 3535; x_wconf 86' lang='lat' dir='ltr'><strong>oppositio</strong></span> <span class='ocrx_word' id='word_1_247' title='bbox 1003 3462 1141 3517; x_wconf 87' lang='lat' dir='ltr'><strong>contrarii</strong></span> <span class='ocrx_word' id='word_1_248' title='bbox 1162 3461 1198 3519; x_wconf 83' lang='lat' dir='ltr'><strong>fit</strong></span> <span class='ocrx_word' id='word_1_249' title='bbox 1218 3471 1247 3518; x_wconf 90' lang='lat' dir='ltr'><strong>et</strong></span> <span class='ocrx_word' id='word_1_250' title='bbox 1262 3459 1319 3517; x_wconf 77' lang='lat' dir='ltr'><strong>dis·</strong></span> 
     </span>
     <span class='ocr_line' id='line_1_33' title="bbox 300 3538 1319 3621; baseline 0.005 -25"><span class='ocrx_word' id='word_1_251' title='bbox 300 3538 457 3597; x_wconf 83' lang='lat' dir='ltr'><strong>iunctionia</strong></span> <span class='ocrx_word' id='word_1_252' title='bbox 476 3540 589 3601; x_wconf 86' lang='lat' dir='ltr'><strong>ratione</strong></span> <span class='ocrx_word' id='word_1_253' title='bbox 609 3559 655 3596; x_wconf 85' lang='lat' dir='ltr'><strong>res</strong></span> <span class='ocrx_word' id='word_1_254' title='bbox 677 3554 813 3621; x_wconf 87' lang='lat' dir='ltr'><strong>negatur,</strong></span> <span class='ocrx_word' id='word_1_255' title='bbox 844 3545 906 3601; x_wconf 87' lang='lat' dir='ltr'><strong>sive</strong></span> <span class='ocrx_word' id='word_1_256' title='bbox 926 3546 1059 3602; x_wconf 86' lang='lat' dir='ltr'><strong>notiones</strong></span> <span class='ocrx_word' id='word_1_257' title='bbox 1080 3546 1249 3621; x_wconf 84' lang='lat' dir='ltr'><strong>simpliciter</strong></span> <span class='ocrx_word' id='word_1_258' title='bbox 1270 3562 1319 3621; x_wconf 86' lang='lat' dir='ltr'><strong>op·</strong></span> 
     </span>
     <span class='ocr_line' id='line_1_34' title="bbox 300 3629 1319 3704; baseline 0.004 -21"><span class='ocrx_word' id='word_1_259' title='bbox 300 3632 461 3701; x_wconf 85' lang='lat' dir='ltr'><strong>ponuntur,</strong></span> <span class='ocrx_word' id='word_1_260' title='bbox 483 3642 542 3680; x_wconf 87' lang='lat' dir='ltr'><strong>rem</strong></span> <span class='ocrx_word' id='word_1_261' title='bbox 566 3630 627 3682; x_wconf 81' lang='lat' dir='ltr'><strong>esse</strong></span> <span class='ocrx_word' id='word_1_262' title='bbox 650 3636 779 3684; x_wconf 86' lang='lat' dir='ltr'><strong>autnon</strong></span> <span class='ocrx_word' id='word_1_263' title='bbox 801 3647 876 3699; x_wconf 81' lang='lat' dir='ltr'><strong>csse,</strong></span> <span class='ocrx_word' id='word_1_264' title='bbox 902 3629 964 3687; x_wconf 83' lang='lat' dir='ltr'><strong>sive</strong></span> <span class='ocrx_word' id='word_1_265' title='bbox 985 3630 1075 3686; x_wconf 87' lang='lat' dir='ltr'><strong>altera</strong></span> <span class='ocrx_word' id='word_1_266' title='bbox 1097 3649 1165 3704; x_wconf 87' lang='lat' dir='ltr'><strong>pars</strong></span> <span class='ocrx_word' id='word_1_267' title='bbox 1186 3632 1319 3688; x_wconf 80' lang='lat' dir='ltr'><strong>maiorem</strong></span> 
     </span>
     <span class='ocr_line' id='line_1_35' title="bbox 299 3710 1322 3789; baseline 0.003 -23"><span class='ocrx_word' id='word_1_268' title='bbox 299 3711 403 3784; x_wconf 83' lang='lat' dir='ltr'><strong>recipit</strong></span> <span class='ocrx_word' id='word_1_269' title='bbox 420 3710 660 3784; x_wconf 84' lang='lat' dir='ltr'><strong>probabilitatem,</strong></span> <span class='ocrx_word' id='word_1_270' title='bbox 681 3730 741 3769; x_wconf 87' lang='lat' dir='ltr'><strong>rem</strong></span> <span class='ocrx_word' id='word_1_271' title='bbox 756 3723 881 3769; x_wconf 78' lang='lat' dir='ltr'><strong>essesut</strong></span> <span class='ocrx_word' id='word_1_272' title='bbox 900 3715 996 3789; x_wconf 85' lang='lat' dir='ltr'><strong>potius</strong></span> <span class='ocrx_word' id='word_1_273' title='bbox 1018 3733 1075 3773; x_wconf 88' lang='lat' dir='ltr'><strong>non</strong></span> <span class='ocrx_word' id='word_1_274' title='bbox 1098 3734 1169 3789; x_wconf 85' lang='lat' dir='ltr'><strong>essc,</strong></span> <span class='ocrx_word' id='word_1_275' title='bbox 1193 3716 1322 3773; x_wconf 81' lang='lat' dir='ltr'><strong>dicamur</strong></span> 
     </span>
    </p>

    <p class='ocr_par' dir='ltr' id='par_1_8' title="bbox 299 3796 1321 3956">
     <span class='ocr_line' id='line_1_36' title="bbox 299 3796 1319 3870; baseline 0.006 -19"><span class='ocrx_word' id='word_1_276' title='bbox 299 3814 341 3852; x_wconf 83' lang='grc' dir='ltr'>ιιιι</span> <span class='ocrx_word' id='word_1_277' title='bbox 362 3814 420 3852; x_wconf 80' lang='lat' dir='ltr'><strong>noa</strong></span> <span class='ocrx_word' id='word_1_278' title='bbox 441 3796 499 3852; x_wconf 80' lang='lat' dir='ltr'><strong>te.</strong></span> <span class='ocrx_word' id='word_1_279' title='bbox 512 3805 566 3853; x_wconf 80' lang='lat' dir='ltr'><strong>aut</strong></span> <span class='ocrx_word' id='word_1_280' title='bbox 582 3816 652 3870; x_wconf 71' lang='lat' dir='ltr'><strong>non,</strong></span> <span class='ocrx_word' id='word_1_281' title='bbox 672 3816 787 3853; x_wconf 81' lang='lat' dir='ltr'><strong>necesse</strong></span> <span class='ocrx_word' id='word_1_282' title='bbox 808 3810 859 3855; x_wconf 83' lang='lat' dir='ltr'><strong>cst.</strong></span> <span class='ocrx_word' id='word_1_283' title='bbox 904 3800 1015 3866; x_wconf 75' lang='lat' dir='ltr'><strong>Quibus</strong></span> <span class='ocrx_word' id='word_1_284' title='bbox 1037 3819 1148 3858; x_wconf 89' lang='lat' dir='ltr'><strong>omnem</strong></span> <span class='ocrx_word' id='word_1_285' title='bbox 1171 3800 1259 3859; x_wconf 84' lang='lat' dir='ltr'><strong>buius</strong></span> <span class='ocrx_word' id='word_1_286' title='bbox 1277 3800 1319 3857; x_wconf 81' lang='lat' dir='ltr'><strong>lc·</strong></span> 
     </span>
     <span class='ocr_line' id='line_1_37' title="bbox 299 3879 1321 3956; baseline 0.009 -20"><span class='ocrx_word' id='word_1_287' title='bbox 299 3879 445 3955; x_wconf 87' lang='lat' dir='ltr'><strong>quutionis</strong></span> <span class='ocrx_word' id='word_1_288' title='bbox 462 3883 666 3955; x_wconf 83' lang='lat' dir='ltr'><strong>proprietatem</strong></span> <span class='ocrx_word' id='word_1_289' title='bbox 683 3884 907 3956; x_wconf 88' lang='lat' dir='ltr'><strong>complectimur.</strong></span> <span class='ocrx_word' id='word_1_290' title='bbox 930 3917 969 3926; x_wconf 89' lang='lat'><em>-</em></span> <span class='ocrx_word' id='word_1_291' title='bbox 1003 3884 1081 3943; x_wconf 85' lang='lat' dir='ltr'><strong>llaec</strong></span> <span class='ocrx_word' id='word_1_292' title='bbox 1102 3887 1201 3944; x_wconf 86' lang='lat' dir='ltr'><strong>eadem</strong></span> <span class='ocrx_word' id='word_1_293' title='bbox 1220 3902 1321 3945; x_wconf 73' lang='lat' dir='ltr'><strong>cautu</strong></span> 
     </span>
    </p>

    <p class='ocr_par' dir='ltr' id='par_1_9' title="bbox 298 3969 1321 4051">
     <span class='ocr_line' id='line_1_38' title="bbox 298 3969 1321 4051; baseline 0.007 -31"><span class='ocrx_word' id='word_1_294' title='bbox 298 3975 351 4035; x_wconf 87' lang='lat' dir='ltr'><strong>cst,</strong></span> <span class='ocrx_word' id='word_1_295' title='bbox 373 3975 545 4039; x_wconf 85' lang='lat' dir='ltr'><strong>quapropter</strong></span> <span class='ocrx_word' id='word_1_296' title='bbox 568 3986 658 4025; x_wconf 80' lang='lat' dir='ltr'><strong>accae</strong></span> <span class='ocrx_word' id='word_1_297' title='bbox 678 3986 736 4025; x_wconf 89' lang='lat' dir='ltr'><strong>uon</strong></span> <span class='ocrx_word' id='word_1_298' title='bbox 758 3970 815 4025; x_wconf 90' lang='lat' dir='ltr'><strong>nisi</strong></span> <span class='ocrx_word' id='word_1_299' title='bbox 833 3970 864 4025; x_wconf 90' lang='lat' dir='ltr'><strong>in</strong></span> <span class='ocrx_word' id='word_1_300' title='bbox 880 3969 996 4046; x_wconf 84' lang='lat' dir='ltr'><strong>obliqua</strong></span> <span class='ocrx_word' id='word_1_301' title='bbox 1011 3972 1240 4051; x_wconf 81' lang='lat' dir='ltr'><strong>interrogatione</strong></span> <span class='ocrx_word' id='word_1_302' title='bbox 1252 3970 1321 4047; x_wconf 87' lang='lat' dir='ltr'><strong>paui</strong></span> 
     </span>
    </p>

    <p class='ocr_par' dir='ltr' id='par_1_10' title="bbox 203 4051 1320 4381">
     <span class='ocr_line' id='line_1_39' title="bbox 203 4051 1319 4131; baseline 0.006 -25"><span class='ocrx_word' id='word_1_303' title='bbox 203 4076 206 4081; x_wconf 96' lang='lat'>·</span> <span class='ocrx_word' id='word_1_304' title='bbox 297 4051 397 4121; x_wconf 87' lang='lat' dir='ltr'><strong>soleat,</strong></span> <span class='ocrx_word' id='word_1_305' title='bbox 420 4068 461 4106; x_wconf 81' lang='lat' dir='ltr'><strong>aa</strong></span> <span class='ocrx_word' id='word_1_306' title='bbox 477 4068 534 4107; x_wconf 82' lang='lat' dir='ltr'><strong>aon</strong></span> <span class='ocrx_word' id='word_1_307' title='bbox 549 4051 714 4126; x_wconf 86' lang='lat' dir='ltr'><strong>plerumque</strong></span> <span class='ocrx_word' id='word_1_308' title='bbox 727 4053 757 4108; x_wconf 90' lang='lat' dir='ltr'><strong>in</strong></span> <span class='ocrx_word' id='word_1_309' title='bbox 770 4065 859 4125; x_wconf 85' lang='lat' dir='ltr'><strong>recta,</strong></span> <span class='ocrx_word' id='word_1_310' title='bbox 881 4057 973 4112; x_wconf 87' lang='lat' dir='ltr'><strong>rarius</strong></span> <span class='ocrx_word' id='word_1_311' title='bbox 988 4058 1018 4112; x_wconf 90' lang='lat' dir='ltr'><strong>in</strong></span> <span class='ocrx_word' id='word_1_312' title='bbox 1030 4056 1177 4131; x_wconf 80' lang='lat' dir='ltr'><strong>obliqua“</strong></span> <span class='ocrx_word' id='word_1_313' title='bbox 1211 4056 1319 4115; x_wconf 84' lang='lat' dir='ltr'><strong>Eadem</strong></span> 
     </span>
     <span class='ocr_line' id='line_1_40' title="bbox 296 4132 1320 4214; baseline 0.009 -24"><span class='ocrx_word' id='word_1_314' title='bbox 296 4133 356 4190; x_wconf 86' lang='lat' dir='ltr'><strong>fere</strong></span> <span class='ocrx_word' id='word_1_315' title='bbox 369 4144 413 4190; x_wconf 89' lang='lat' dir='ltr'><strong>est</strong></span> <span class='ocrx_word' id='word_1_316' title='bbox 427 4132 645 4193; x_wconf 84' lang='lat' dir='ltr'><strong>Hoffmanni</strong></span> <span class='ocrx_word' id='word_1_317' title='bbox 668 4139 808 4195; x_wconf 79' lang='lat' dir='ltr'><strong>sententia</strong></span> <span class='ocrx_word' id='word_1_318' title='bbox 831 4139 904 4214; x_wconf 87' lang='lat' dir='ltr'><strong>(vid.</strong></span> <span class='ocrx_word' id='word_1_319' title='bbox 919 4138 936 4195; x_wconf 89' lang='lat' dir='ltr'>J</span> <span class='ocrx_word' id='word_1_320' title='bbox 943 4139 1044 4198; x_wconf 88' lang='lat' dir='ltr'><strong>abn’s</strong></span> <span class='ocrx_word' id='word_1_321' title='bbox 1062 4134 1254 4201; x_wconf 76' lang='lat' dir='ltr'><strong>lobrbticlrsr</strong></span> <span class='ocrx_word' id='word_1_322' title='bbox 1265 4140 1320 4199; x_wconf 77' lang='lat' dir='ltr'><strong>der</strong></span> 
     </span>
     <span class='ocr_line' id='line_1_41' title="bbox 296 4214 1319 4301; baseline 0.009 -27"><span class='ocrx_word' id='word_1_323' title='bbox 296 4214 442 4294; x_wconf 74' lang='lat' dir='ltr'><strong>rtttoag.</strong></span> <span class='ocrx_word' id='word_1_324' title='bbox 458 4237 486 4275; x_wconf 85' lang='lat' dir='ltr'><strong>u.</strong></span> <span class='ocrx_word' id='word_1_325' title='bbox 500 4214 634 4296; x_wconf 80' lang='lat' dir='ltr'><strong>Pacdug.</strong></span> <span class='ocrx_word' id='word_1_326' title='bbox 647 4219 709 4291; x_wconf 86' lang='lat' dir='ltr'><strong>vlt,</strong></span> <span class='ocrx_word' id='word_1_327' title='bbox 723 4221 752 4277; x_wconf 83' lang='lat'><strong>³.</strong></span> <span class='ocrx_word' id='word_1_328' title='bbox 775 4241 802 4296; x_wconf 89' lang='lat' dir='ltr'><strong>p.</strong></span> <span class='ocrx_word' id='word_1_329' title='bbox 814 4219 899 4301; x_wconf 76' lang='lat'><strong>257.)</strong></span> <span class='ocrx_word' id='word_1_330' title='bbox 921 4223 1059 4283; x_wconf 83' lang='lat' dir='ltr'><strong>adversus</strong></span> <span class='ocrx_word' id='word_1_331' title='bbox 1082 4225 1319 4287; x_wconf 84' lang='lat' dir='ltr'><strong>Ramsbornii</strong></span> 
     </span>
     <span class='ocr_line' id='line_1_42' title="bbox 297 4304 1297 4381; baseline 0.004 -17"><span class='ocrx_word' id='word_1_332' title='bbox 297 4304 522 4364; x_wconf 80' lang='lat' dir='ltr'><strong>Grammaticam</strong></span> <span class='ocrx_word' id='word_1_333' title='bbox 540 4304 591 4362; x_wconf 80' lang='lat' dir='ltr'><strong>lat.</strong></span> <span class='ocrx_word' id='word_1_334' title='bbox 612 4305 639 4379; x_wconf 59' lang='grc' dir='ltr'><strong>ἦ.</strong></span> <span class='ocrx_word' id='word_1_335' title='bbox 656 4304 723 4366; x_wconf 78' lang='grc'><strong>174.</strong></span> <span class='ocrx_word' id='word_1_336' title='bbox 739 4310 894 4381; x_wconf 84' lang='lat' dir='ltr'><strong>proposita.</strong></span> <span class='ocrx_word' id='word_1_337' title='bbox 1293 4320 1297 4329; x_wconf 92' lang='grc'><strong>“</strong></span> 
     </span>
    </p>
   </div>
   <div class='ocr_carea' id='block_1_7' title="bbox 0 0 1422 4852">
    <p class='ocr_par' dir='ltr' id='par_1_11' title="bbox 0 0 1422 4852">
     <span class='ocr_line' id='line_1_43' title="bbox 0 0 1422 4852; baseline 0 3"><span class='ocrx_word' id='word_1_338' title='bbox 0 0 1422 4852; x_wconf 95' lang='lat' dir='ltr'><strong> </strong></span> 
     </span>
    </p>
   </div>
  </div>
 </body>
</html>
