2836 4852
1053 126 1057 133 ι
1148 74 1182 120 ι’
1315 88 1323 101 ⁴

1281 166 1302 211 'a

1245 284 1248 289 1
1294 250 1320 271 no

171 357 271 453 ,ιι
459 352 764 424 comanorum
786 330 1063 419 canonum

208 530 325 626 brom,
351 530 628 630 probabiliorem
645 522 892 600 affirmatamvc
912 553 988 600 rem
1007 528 1207 622 continens,
1232 556 1316 603 cum

208 635 387 707 rhetorica
413 635 562 732 quadam
594 634 652 724 vi,
697 630 929 703 disiunctione
961 656 1026 728 per
1057 630 1197 729 ellipsin
1227 658 1314 705 con·

207 748 320 810 tracta
337 741 388 831 ⁸),
416 739 453 808 in
470 736 599 834 prioris
617 733 918 830 interrogationis,
946 735 1021 804 eius
1041 734 1185 831 quidem
1193 760 1314 856 prop-

207 850 264 912 ter
288 839 465 911 levitatem
490 864 588 911 suam
613 836 902 933 praetermissae,
937 834 1056 908 locum
1080 838 1219 909 venerit
1242 838 1312 927 sic',

152 966 154 971 ·
207 952 247 1013 nt
270 942 449 1038 propriam
475 939 543 1012 sibi
571 936 777 1035 particulam
804 963 850 1006 an
874 938 1043 1009 retineret
1060 941 1111 1058 ⁹).
1166 938 1314 1037 Simpli-

209 1044 298 1116 citer
324 1044 472 1141 quisque
497 1067 563 1139 per
582 1037 644 1115 An
665 1065 709 1112 ex
734 1038 847 1110 aliena
873 1041 1045 1113 sententia
1070 1041 1311 1142 interrogans,

201 1312 264 1395 ¹·8)
292 1316 533 1382 Quemadmodum
561 1319 697 1377 leviorem
719 1329 888 1396 negatsmve
909 1334 970 1373 rem
990 1315 1085 1390 priore
1106 1315 1312 1397 interrogatio-

291 1404 337 1458 nis
352 1404 476 1460 membro
494 1422 713 1461 conrntemorarc
727 1404 807 1460 decet
820 1414 979 1477 propterea,
1001 1402 1087 1475 qnod,
1108 1403 1134 1457 si
1153 1412 1217 1476 post
1234 1398 1313 1457 affir·
1327 1456 1349 1479 ¹,

290 1498 395 1544 motam
418 1489 464 1544 rel
484 1491 645 1566 graviorem
669 1508 798 1564 poneres,
820 1491 881 1543 eins
903 1487 1133 1543 commemoratio
1156 1505 1243 1560 paene
1263 1478 1325 1541 ἰιι·Ι

291 1574 371 1629 utilis
386 1572 544 1648 rideretur3
567 1576 609 1631 sic
631 1586 731 1631 anctae
752 1573 905 1652 gravitatis
926 1572 971 1627 vis
993 1569 1088 1642 efficit,
1111 1580 1144 1628 ιιι
1166 1579 1308 1629 contemta

290 1675 336 1714 res
358 1677 423 1714 cum
445 1668 543 1715 atrum
564 1661 612 1715 vei
634 1680 669 1716 ne
691 1671 756 1734 post
773 1659 870 1715 nereio
889 1659 930 1713 ita
952 1657 1115 1727 reticeatur,
1138 1668 1171 1713 ut
1192 1657 1306 1714 alteria!

290 1743 409 1799 membri
431 1742 570 1817 particula
592 1764 632 1802 an
649 1741 701 1824 (ob
717 1741 877 1821 oielmelar)
892 1743 1044 1820 vestigium
1059 1743 1204 1816 suppremi
1221 1760 1305 1797 mem-

289 1826 497 1899 cumcontra,
519 1831 599 1885 cuius
612 1833 765 1902 sententia,
785 1831 810 1885 si
831 1831 926 1884 minus
943 1845 979 1882 ex
1001 1836 1138 1884 contextu
1160 1826 1304 1903 orationit,

291 1913 391 1968 saltem
413 1931 429 1967 e
451 1916 612 1970 contrariae
633 1916 674 1970 rei
690 1915 869 1989 oppositione
883 1913 1073 1995 cognoscitur.
1117 1910 1182 1968 Hac
1196 1913 1304 1968 ratione

291 2007 464 2053 contractam
488 1997 567 2053 vides
589 2001 618 2054 in
641 2001 784 2055 locutione
812 1998 908 2054 nescio
931 2016 971 2054 an
994 1997 1183 2052 bimembrem
1199 1997 1305 2053 dirim

290 2083 422 2137 ctionem.
473 2083 564 2149 Quam
587 2103 645 2140 non
667 2085 863 2140 inversionem
886 2083 1047 2152 orationis,
1085 2094 1118 2138 ut
1140 2080 1304 2138 Handint

289 2166 320 2221 in
336 2163 458 2222 Turseli.
472 2166 492 2222 i.
514 2186 539 2240 p.
555 2169 625 2224 314.
648 2171 860 2225 attractionem
878 2171 1023 2246 corrigens
1039 2168 1163 2241 scripsit,
1186 2166 1306 2224 dixerint

290 2249 419 2330 (inverso
442 2254 516 2307 enim
539 2252 637 2309 ordine
660 2256 753 2328 posite
775 2255 830 2310 dno
853 2253 977 2309 membra
998 2253 1248 2330 inttrrogationis,
1274 2259 1306 2307 nt

290 2333 385 2408 ve'rba,
409 2337 502 2393 locum
517 2357 598 2394 snum
617 2340 658 2395 sio
680 2349 837 2409 mutarunt,
859 2349 892 2395 nt
913 2350 1045 2394 neutrum
1068 2338 1106 2392 sit
1128 2336 1317 2417 praetermit-¹

290 2439 351 2477 sum
377 2443 402 2480 v.
422 2421 534 2482 Ernest
555 2423 590 2479 ad
609 2421 667 2485 Cic.
687 2422 790 2481 Partit
807 2425 824 2485 7
826 2408 917 2499 ,22)
940 2422 998 2494 sed,
1020 2424 1045 2478 si
1067 2440 1125 2478 una
1146 2440 1216 2479 toee
1237 2436 1307 2495 opus

290 2518 343 2577 est,
359 2494 670 2608 praeoccupationem,
692 2527 776 2583 quam
792 2506 920 2565 rhetores
936 2463 1043 2578 dicdnt,
1067 2505 1139 2585 (vid.
1154 2503 1307 2563 Gesneri

288 2590 356 2648 Lex.
372 2591 465 2649 subh
481 2591 524 2671 y.)
542 2595 607 2668 quia
625 2594 853 2668 praetermissum
869 2595 947 2667 prino
968 2593 1204 2670 interrogationis
1214 2608 1306 2647 ffmem

287 2677 369 2733 lorum
390 2697 425 2734 ex
447 2681 508 2751 ipsa
530 2681 696 2754 posterioris
717 2680 835 2767 membri
857 2696 907 2753 per
926 2696 966 2736 an
988 2677 1145 2735 introducti
1166 2676 1308 2734 sententia

288 2774 383 2837 potest
404 2765 535 2840 intelligi.
1107 2786 1111 2791 ·

225 2862 262 2942 a)
288 2862 463 3003 genticulam
487 2884 527 2922 an
549 2885 585 2923 ex
607 2877 696 2925 oatne
718 2828 892 2925 contractam
921 2886 981 2923 esse
1009 2864 1135 3007 dgfepdit
1157 2862 1306 3021 godulfi.

327 2967 518 3006 ermannus
539 2951 591 3007 i..i
634 2965 679 3009 ost
700 2972 764 3009 uam
787 2954 950 3010 Goerena
972 2952 1006 3008 ad
1048 2970 1075 3006 rc
1098 2951 1158 3007 Aca
1227 2970 1245 3007 u

288 3032 339 3105 17,
363 3034 412 3091 64.
435 3035 510 3108 quod
532 2972 742 3108 saneinirdris,
766 3039 898 3121 opinatus
920 3037 1023 3108 inerat,
1047 3045 1100 3092 ant
1115 2950 1306 3110 [ιοιιιῖιι
1265 3054 1306 3093 aa

289 3129 323 3177 at
344 3119 427 3175 focile
450 3132 543 3176 ortum
565 3139 646 3176 suum
669 3121 791 3199 trahere,
814 3133 843 3179 et
858 3134 890 3179 ut
912 3121 1065 3179 Beierns
1085 3123 1115 3177 in
1133 3139 1256 3193 excursu
1271 3119 1306 3176 de

288 3205 428 3280 particula
442 3203 499 3275 An,
516 3223 598 3279 quem
612 3224 697 3278 supra
712 3210 940 3278 commemoravi,
962 3218 1074 3286 monety
1090 3204 1306 3261 Schellerus

287 3290 319 3347 in
341 3287 406 3344 Lex.
430 3309 512 3364 quem
534 3287 675 3346 Ddleire
696 3293 715 3347 l.
730 3294 748 3348 i.
764 3292 825 3349 Vol.
843 3292 876 3349 il.
898 3310 926 3368 p.
941 3295 1011 3349 804.
1025 3290 1102 3367 seqq.
1124 3291 1240 3350 videtur
1261 3309 1307 3346 se·

287 3386 370 3431 cutus
392 3393 468 3443 esse,
490 3372 656 3432 Latinorum
678 3379 847 3450 particulam
870 3397 910 3435 an
932 3378 1048 3441 eandem
1071 3395 1131 3433 esse
1152 3375 1308 3449 iudicarat,

286 3478 370 3536 quam
393 3457 532 3518 Graecam
554 3458 587 3518 dir
607 3461 626 3517 i.
645 3478 668 3517 e.
688 3486 731 3522 aar
752 3483 848 3535 mann,
872 3464 997 3533 etwann,
1020 3464 1049 3519 in
1073 3462 1202 3519 oratione
1224 3460 1309 3517 inde·-

283 3546 368 3604 finita
394 3546 461 3620 poni
489 3548 611 3604 solitam.
645 3581 683 3592 —
730 3547 782 3605 llis
810 3550 954 3606 annotatis
976 3548 1111 3605 tredecim
1133 3546 1217 3604 annis
1239 3557 1307 3621 post

284 3631 387 3690 addam
408 3649 481 3707 quae
507 3644 678 3715 sequuntur:
716 3633 765 3713 [ln
788 3634 858 3690 lixo
875 3633 909 3692 ll
931 3632 968 3690 ad
990 3632 1050 3693 Cic.
1073 3631 1253 3706 Laeliumg.
1274 3633 1307 3693 2.

286 3735 314 3792 p.
327 3718 415 3773 202.
427 3715 555 3774 Beiero
578 3720 678 3793 partie.
693 3738 733 3777 an
749 3739 784 3776 cx
801 3742 836 3778 oo
825 3709 1069 3800 (==oiciseim,·
1089 3733 1214 3790 νιινιιιις
1235 3732 1309 3775 coa·-

285 3798 353 3880 tra)
374 3812 403 3857 et
421 3821 457 3858 ex
479 3792 687 3883 interrogativa
701 3825 736 3862 ne
752 3816 899 3863 contracta
916 3804 1040 3864 videtur.
1082 3788 1254 3861 Handins
1274 3800 1309 3860 in

285 3883 447 3961 Turseilino
470 3887 533 3945 Vol.
554 3888 575 3944 i.
598 3908 624 3963 p.
641 3892 711 3947 297.
733 3891 839 3947 rectius
867 3893 896 3947 in
924 3878 1070 3965 particulis
1098 3907 1139 3945 an
1161 3898 1190 3943 et
1212 3895 1308 3945 anino

283 3972 444 4046 primitivas
466 3972 571 4029 formas
591 3974 747 4053 intelligit,
786 3993 858 4049 qnae
880 3995 943 4034 cum
965 3975 1132 4033 notionibus
1153 3973 1214 4028 suis
1237 3966 1349 4048 pro-¹

282 4057 405 4132 pioquae
426 4057 480 4113 sibi
501 4060 570 4125 sint,
591 4056 676 4117 etiam
694 4060 814 4116 similem
835 4063 956 4135 speciem
977 4060 1093 4132 habent,
1115 4057 1164 4114 sed
1187 4076 1203 4112 e
1224 4076 1308 4113 com-

208 4212 211 4217 ,
282 4143 361 4198 muni
388 4144 525 4199 sermonis
554 4141 633 4199 fonte
659 4142 812 4201 linxerunt.
862 4145 1011 4203 Elementa
1034 4145 1089 4202 duo
1117 4161 1180 4199 esse
1201 4161 1222 4199 a
1244 4136 1307 4199 dts'-

281 4228 457 4298 iunctivum,
492 4247 512 4284 n
539 4228 777 4306 interrogativum
806 4231 869 4288 sire
895 4231 1098 4289 dubitativum.
1129 4260 1167 4274 —-
1213 4226 1306 4285 Rud.

280 4308 604 4391 Stnerenbur'gius
633 4314 664 4369 in
686 4311 931 4372 commentatione
954 4315 975 4372 l.
998 4334 1072 4392 qnae
1095 4316 1130 4371 de
1159 4314 1305 4389 particula

648 4652 650 4657 y
710 4591 721 4637 l
