2654 4854
159 338 188 423 '.
286 406 299 425 ..
313 363 368 428 on
389 358 648 427 accusauvo
670 358 762 424 cam
781 359 1012 428 mamam.
1167 364 1219 441 ¹7

61 582 64 589 ·
108 524 209 614 dum.
232 581 286 595 -
322 536 525 608 Estautem
542 535 704 627 effectus,
732 532 827 606 unde
842 531 902 609 hic
917 533 1107 621 verborum
1125 536 1217 615 ordo
1270 606 1273 619 .

106 645 281 734 nascitur,
309 637 438 736 duplex
454 628 662 729 necessitas,
688 634 799 709 altera
815 639 853 708 iu
865 636 1056 711 voluntatis
1071 638 1216 716 decreto

105 747 241 845 posita,
269 742 379 814 altera
406 738 554 812 efficitur
579 738 837 813 ratiocinando.
890 740 1077 833 Posterius
1103 769 1216 842 genus

107 848 185 921 huc
214 848 329 918 minus
360 844 527 941 pertinet.
587 842 680 913 Nam
711 842 952 935 ratiocinatio,
992 842 1086 917 unde
1112 844 1218 921 ducta

109 951 260 1024 effectus
285 947 481 1019 necessitas
503 970 569 1041 per
589 940 748 1044 fit17),.
775 947 920 1036 accidit,
961 948 1137 1045 aoqraitar,
1176 960 1219 1023 at

106 1046 305 1140 iudicatur,
333 1051 409 1123 eius
434 1048 488 1118 rei
512 1045 570 1119 vel
596 1044 829 1138 conditionis,
857 1049 894 1117 iu
920 1074 990 1144 qua
1014 1047 1074 1120 ille
1100 1052 1216 1123 cerni·

107 1164 188 1247 tur,
218 1153 467 1252 cogitationem
494 1148 715 1246 suppeditat,
744 1174 856 1246 quac,
887 1152 1022 1221 etiamsi
1043 1172 1120 1223 'nou
1146 1154 1218 1225 sint

106 1257 325 1353 praemissae
350 1250 542 1351 particulae
568 1253 618 1323 r'ta
644 1254 712 1342 cic,
750 1263 884 1322 tantam
910 1251 957 1324 ai.
986 1264 1104 1325 tamen
1131 1278 1217 1326 con·

104 1360 324 1430 iunctiouem
349 1367 389 1426 at
407 1353 575 1452 postulat,
607 1354 681 1427 sive
708 1357 996 1451 consequentiam
1022 1357 1074 1427 rei
1099 1353 1215 1450 videa,

106 1461 186 1532 sive
217 1460 254 1531 id
290 1456 385 1555 quod
419 1457 486 1527 fuit
523 1457 743 1552 propositum
778 1454 1035 1527 ostendendum
1067 1468 1133 1530 est.
1170 1456 1217 1532 de

104 1560 193 1635 Fat.
214 1560 257 1654 4,
281 1560 323 1633 8.
377 1558 424 1630 In
445 1559 580 1629 notares
602 1559 777 1627 homimem
802 1559 1097 1630 doairaititadtaea
1120 1571 1215 1651 auat,

105 1675 150 1735 ut
174 1665 262 1734 alios
285 1662 423 1749 daalcia,
452 1659 541 1728 alios
565 1661 750 1727 subamara
776 1658 960 1738 delectent.
1014 1660 1218 1734 Voluntatis

106 1776 228 1839 autem
254 1763 449 1850 decretum,
475 1785 546 1856 quo
574 1760 722 1830 effectus
748 1761 991 1853 constituitur,
1016 1788 1082 1859 per
1106 1761 1218 1837 verba

61 1870 65 1941 ἓ,
105 1870 239 1956 enitor,
261 1889 402 1961 operam
420 1865 478 1953 do,
501 1886 599 1960 rope,
627 1862 760 1949 hortor,
785 1865 994 1958 paracodeo,
1019 1868 1214 1962 praecipio,

61 1950 65 2083 ξ
104 1994 255 2056 moereo,
292 1964 432 2062 portato
456 1962 502 2034 al.
530 1962 726 2052 iudicatur,
769 1965 806 2033 iu
839 1989 910 2062 quo
941 1992 1089 2039 numero
1121 1977 1215 2059 suut,

61 2086 63 2093 '
104 2068 473 2168 qui-hasaccusativus
493 2092 526 2138 c.
547 2064 646 2135 infin.
668 2063 883 2164 adiungitur,
911 2069 941 2138 si
966 2079 1129 2141 eventum
1153 2069 1215 2142 de·

61 2170 69 2253 i
106 2171 264 2261 clarent,
292 2178 331 2240 ut
356 2195 496 2259 censeo,
526 2169 744 2265 persuadeo,
775 2168 896 2265 placet
918 2169 966 2240 ai.
988 2168 1063 2271 ¹⁸).
1118 2173 1216 2244 Tum

61 2260 65 2339 i
104 2272 312 2363 verborum,
337 2297 430 2342 nunc
445 2269 634 2341 voluntatis
651 2267 846 2362 decretum,
871 2297 963 2343 nunc
982 2276 1109 2345 mentis
1126 2273 1215 2345 iudi·

61 2382 64 2461 ξ
107 2376 221 2466 cium,
250 2372 346 2472 quod
372 2374 571 2444 accusativo
599 2398 678 2442 cum
703 2371 803 2443 infin.
827 2375 1051 2469 exprimitur,
1079 2376 1215 2473 siguifi-

61 2486 63 2531 ²
107 2479 283 2567 cautium,
316 2486 355 2547 ut
377 2501 524 2574 ceperam
550 2485 620 2563 est,
650 2500 720 2570 por
738 2486 806 2562 eat,
835 2479 1013 2565 consueuit,
1038 2488 1213 2573 praestat,

61 2562 66 2659 ἶ
107 2580 267 2677 efficitur,
295 2580 463 2677 sequitur,
492 2602 626 2647 accesso
651 2587 715 2663 est,
742 2601 829 2672 opas
854 2587 917 2665 eat,
946 2575 1013 2646 alia
1038 2577 1216 2650 interdum

107 2679 155 2755 ad
177 2679 358 2751 leuitatem
384 2677 559 2775 quandam
583 2703 662 2748 cum
688 2674 765 2747 solo
792 2678 1030 2771 coniunctivo,
1058 2681 1119 2778 qui
1144 2679 1214 2753 hoc

65 3018 69 3025 ·
108 2935 165 3016 ¹⁷³
194 2936 452 3096 cottiae·
466 2935 572 3079 iti?
590 2934 914 3080 ⁷t.‚ttt;taa‘
930 2941 1214 3084 tractat:

193 3042 318 3186 {ariperto
340 3129 405 3166 cunr
430 3042 539 3187 ,ppulo
561 3042 745 3179 it.qornniunr
766 3063 899 3186 gentiaco:
920 3044 1034 3168 gocerre
1055 3120 1215 3184 certumst,
1258 3176 1265 3187 ,

196 3192 346 3252 Graecam
369 3193 511 3253 hominem
534 3192 748 3274 (Phormionem
770 3190 982 3275 philosophum)
999 3197 1051 3275 qai
1064 3215 1213 3275 nonquam

193 3277 315 3353 hostem,
338 3300 486 3358 nunqnam
501 3288 606 3338 caetra
619 3279 745 3338 vidisset
758 3315 797 3324 -
806 3288 975 3360 praccepta
988 3281 1024 3340 da
1037 3301 1070 3339 ro
1084 3282 1215 3339 mititare·

61 3376 64 3387 '
192 3363 289 3425 dira?
326 3366 448 3424 Verbum
462 3367 540 3440 ficri
561 3367 627 3443 (pro
649 3365 726 3445 crac)
748 3384 812 3422 cum
834 3368 999 3424 accusativo
1021 3378 1050 3424 et
1071 3367 1122 3423 ius.
1143 3385 1213 3424 cou-

192 3450 299 3523 iunxit,
322 3463 351 3509 et
372 3451 408 3508 ad
429 3442 497 3510 Dav.
513 3450 561 3522 Vi,
588 3452 634 3510 tl.
656 3452 771 3525 scripsit
792 3446 855 3507 Neo
876 3452 953 3508 caim
972 3450 1127 3508 acciderat
1141 3450 1215 3508 milti

193 3540 267 3614 'opor
284 3531 631 3618 aare(dasBetl1”1rtuiar),
653 3547 740 3611 atque
762 3534 901 3592 eiusmodi
922 3536 979 3592 alia
1002 3533 1215 3593 Giutherar

122 3652 127 3659 ·
193 3620 226 3677 in
249 3618 401 3680 Athenaeo
424 3625 441 3678 Ι.
462 3641 485 3678 c.
509 3640 535 3696 p.
558 3623 626 3697 112.
648 3631 725 3676 recte
746 3618 856 3676 iudicat
884 3638 948 3675 cum
975 3617 1131 3677 offensione
1153 3638 1214 3677 essa

152 3770 156 3778 .
187 3706 346 3778 lecturum,
367 3709 417 3782 qui
437 3726 496 3764 uon
518 3709 641 3765 tonuerit
656 3703 732 3780 quod
745 3705 776 3760 iu
788 3701 936 3760 Woukii
955 3703 1148 3764 Grammatico
1162 3706 1213 3764 tat.

192 3792 223 3867 ᾗ.
237 3792 307 3849 212.
329 3788 454 3851 Anm.'2.
475 3792 546 3848 benc
562 3791 701 3848 monitum
717 3790 763 3846 rit.
794 3787 1007 3866 „„Eigcutiicir
1022 3790 1129 3867 regicrt
1145 3787 1213 3848 incia

191 3874 318 3935 Verbum
340 3897 376 3936 an
398 3876 456 3934 uad
477 3876 525 3934 ffit·
546 3873 606 3931 sich
631 3873 713 3929 einen
738 3874 937 3930 accusativum
965 3893 1028 3930 cum
1056 3873 1213 3948 infinitivo,

191 3961 315 4020 condem
336 3965 390 4021 wic
412 3963 473 4018 scin
495 3959 568 4017 Siun
589 3957 649 4015 sloh
671 3958 781 4029 tudere,
803 3977 834 4016 ao
851 3959 951 4016 intest
969 3958 1030 4016 sich
1046 3959 1120 4017 auch
1135 3962 1212 4015 seiae

191 4044 457 4105 constructura

107 4144 161 4235 18)
191 4146 238 4206 Dc
261 4151 371 4220 verbis,
394 4166 484 4224 quac,
506 4164 569 4204 eum
592 4146 650 4202 sint
672 4145 791 4221 duplicis
813 4136 1048 4225 significationis,
1069 4143 1212 4200 accurati-

189 4252 262 4294 vum
277 4254 301 4291 c.
314 4236 392 4292 infin.
406 4246 518 4311 regunt,
542 4232 656 4309 siquid
679 4233 746 4288 sciri
770 4233 823 4303 via,
846 4231 1059 4287 coniunctivum
1082 4245 1146 4283 cum
1168 4235 1212 4298 at,

190 4313 217 4374 ri
238 4318 310 4396 quid
330 4322 376 4376 vis
397 4318 485 4390 effici,
513 4318 572 4377 vid.
594 4336 667 4393 quac
687 4336 774 4393 supra
795 4315 940 4374 annotavi.

925 4393 953 4466 2
