2836 4852
209 110 214 119 ·
798 84 934 143 .-:‚·”
1199 50 1255 135 br·

168 206 224 282 42
419 173 726 273 communium
747 160 1024 273 umbonum
1251 176 1256 185 ’

166 378 271 465 Lael.
289 376 329 451 6.
347 404 404 477 pr.
421 374 467 449 ud
485 375 611 467 Quint.
633 374 698 445 Fr.
717 372 751 466 1,
776 370 813 466 1,
834 370 904 455 10..
933 373 1046 448 Tuse.
1063 374 1136 471 111,
1156 372 1195 448 8.
1208 401 1256 474 pr

167 483 264 553 Tum
305 483 410 554 etium
454 477 646 550 modestius
691 501 756 572 per
797 477 1056 550 coniunctiuum
1095 474 1199 551 Orat.
1231 476 1256 549 l

167 581 240 677 60,
269 579 365 656 255.
403 584 443 656 td
471 582 567 681 qood
595 578 694 650 baud
722 580 828 651 seium
846 590 908 651 'an
935 582 1036 677 prius
1066 580 1256 653 ostender&

165 684 218 775 Π,
239 683 304 776 17,
321 683 386 757 72.
414 683 467 773 lt,
484 679 553 771 52,
570 676 669 751 209.
699 682 812 753 Tuso.
828 680 899 772 ΙΙΙ,
915 678 983 773 25,
1002 677 1070 753 55.
1098 682 1181 754 Liv.
1195 679 1256 755 lx

168 784 234 881 15,
254 785 295 858 6.
323 830 376 843 -
425 785 476 857 Et
501 784 665 881 quoniam
692 781 828 855 sublate
854 782 1061 876 subiectior,
1090 810 1196 882 quem
1217 782 1256 855 di

166 899 272 980 eunt,
306 890 454 961 veritate
479 912 561 976 res,
603 910 708 983 Qum
733 896 768 957 te
795 885 884 957 dieis
908 885 1021 984 qualis
1048 887 1094 958 sit
1117 888 1256 960 nescire

165 989 211 1063 ad
233 1016 353 1063 eurum
374 1015 492 1062 rerum
514 1013 697 1058 numerum
718 996 754 1059 et
774 985 935 1060 ordinem
956 986 1156 1087 ablegetur,
1181 1013 1256 1087 qna

166 1118 246 1166 esse
271 1090 330 1167 vel
353 1093 433 1165 fieri
457 1100 626 1188 possunt3
658 1115 752 1181 non,
779 1100 819 1161 ut
843 1089 1112 1183 multivolum,
1139 1090 1255 1190 ubiqm

166 1194 230 1266 sed
256 1220 361 1291 saepe
386 1193 447 1285 fit,
484 1202 523 1264 ut
547 1218 613 1288 pro
639 1194 776 1282 neseio,
817 1220 863 1263 uu
889 1191 1184 1287 volitantium,
1219 1218 1255 1264 a:

165 1295 236 1368 diei
261 1299 373 1392 possit
402 1295 569 1394 sortasse,
598 1320 687 1391 quae
713 1292 837 1365 vocula
857 1321 933 1366 rem
958 1296 1102 1391 proprie
1117 1295 1171 1369 ud
1196 1293 1255 1366 sor

57 1378 63 1399 ἲ
163 1412 269 1471 ornae
296 1399 476 1470 arbitrium
506 1395 648 1495 deferre
673 1395 827 1492 putanda
853 1407 926 1488 est,
970 1423 1050 1468 oum
1083 1399 1195 1471 neseio
1220 1423 1255 1469 or

163 1501 222 1573 vel
247 1503 346 1573 ltuud
362 1503 432 1572 seio
456 1526 503 1571 uu
528 1503 622 1577 nuno
644 1523 764 1569 veram
789 1499 915 1570 mentis
938 1497 1191 1573 dubitationem
1214 1501 1255 1571 iu

164 1603 273 1694 dicut,
300 1628 408 1694 nune,
436 1611 475 1673 nt
500 1603 537 1673 in
558 1599 827 1698 praecipiendo,
856 1602 973 1673 omniu
994 1601 1149 1701 relinqui
1173 1600 1255 1677 iube

162 1705 294 1777 iudioio
320 1717 356 1778 et
379 1705 531 1796 rationi,
575 1729 667 1775 nuno
689 1701 872 1774 metuendi
891 1706 1072 1777 notionem
1098 1706 1255 1779 eontinet

49 1842 51 1847 ·
163 1805 210 1878 ed
243 1833 349 1905 quum
378 1805 531 1904 fortasse
563 1807 678 1875 minus
710 1815 829 1900 aptum
860 1816 932 1898 est,
974 1833 1081 1905 quem
1115 1805 1160 1879 ud
1191 1833 1255 1880 eun

164 1909 272 1980 unimi
301 1905 608 2004 tranquillitatem,
651 1931 741 2003 quae
770 1904 1000 1979 ineundorum
1024 1936 1144 1981 rerum
1169 1933 1255 2009 spen

161 2036 228 2108 per
254 2034 377 2082 vocem
401 2009 554 2108 sortasse
578 2009 616 2077 in
640 2007 802 2081 fortunae
830 2008 976 2083 arbitrio
1002 2011 1176 2104 collocat,
1209 2006 1254 2084 ve*

159 2110 446 2210 probabilitatem
471 2109 648 2207 quendum
673 2110 886 2204 sententiae,
919 2139 1025 2213 quum
1049 2114 1254 2216 argumentis

160 2239 235 2288 non
258 2217 375 2312 possis
401 2210 614 2305 defendere,
642 2214 800 2312 sequitur
817 2210 894 2315 ¹⁸).
1166 2256 1168 2261 ,

164 2464 218 2551 18)
245 2469 310 2528 Vid.
324 2468 382 2528 Cio.
395 2469 476 2529 Brut.
490 2473 542 2543 41,
559 2470 628 2529 itt.
650 2469 746 2551 Atque
763 2472 846 2530 baud
859 2475 919 2531 seio
935 2492 976 2531 un
992 2471 1092 2557 (Seru.
1104 2471 1254 2552 Sulpicius]

238 2575 304 2636 pur
328 2557 515 2636 principibus
535 2554 581 2637 (in
602 2556 738 2637 dicendo)
761 2578 824 2616 esee
849 2560 1015 2637 potuisse&
1051 2559 1105 2619 eod
1122 2563 1254 2636 fortune«

245 2643 353 2699 nroluit
366 2675 408 2686 -—
421 2646 452 2701 in
474 2645 540 2703 iure
557 2643 642 2701 civiti
663 2663 727 2702 esee
746 2646 895 2723 princeps.
939 2647 1010 2713 Quis
1032 2645 1101 2704 bueo
1122 2649 1254 2725 interpre

246 2730 302 2786 teri
324 2731 419 2800 volet,
453 2729 547 2805 Atque
566 2730 708 2803 fortusse
736 2749 788 2805 per
814 2733 904 2806 princ.
925 2750 986 2787 esse
1007 2733 1163 2807 potuisset,
1200 2752 1253 2791 eun

243 2815 410 2888 praesertim
432 2825 568 2889 sequatur
589 2815 643 2873 eed
652 2816 794 2889 fortusse
811 2816 918 2874 moluit
931 2815 989 2873 -1
1010 2816 1092 2875 Hnee
1105 2820 1182 2876 eninr
1196 2838 1254 2878 eon·

243 2899 354 2956 iectura
367 2899 528 2978 ignorantis
544 2910 597 2970 eut,
617 2900 688 2958 illud
705 2901 860 2959 modestius
874 2914 1054 2979 expromtum
1069 2903 1157 2978 probe
1171 2905 1253 2962 seien-

243 2983 282 3040 tis
297 2981 445 3043 iudicium.
477 2981 577 3059 Neque
589 2982 652 3043 Cet.
664 2984 713 3056 lv,
728 2987 803 3069 5„o.
825 2984 862 3045 Si
874 2989 961 3046 eritis
975 2989 1071 3047 eeoutt'
1081 2991 1253 3049 ‘sententian

247 3064 279 3124 0.
301 3065 453 3140 Caesarie,
470 3100 507 3110 -
516 3067 660 3141 sertum
674 3073 770 3131 minue
786 3070 885 3144 eruut,
906 3073 960 3132 boo
977 3082 1100 3132 auctore
1119 3084 1149 3132 et
1163 3078 1253 3154 cogni

243 3161 308 3211 tore
329 3152 450 3212 butum
470 3156 653 3228 tententiae,
684 3154 758 3215 mitt
772 3159 938 3238 populares
959 3161 1086 3238 impetus
1104 3163 1253 3239 pertimeo

242 3239 343 3297 eundi:
364 3241 412 3299 sin
433 3238 518 3296 illum
541 3239 671 3299 alteram
693 3240 834 3329 (Silnui);
857 3247 954 3304 neseio
977 3264 1017 3302 an
1039 3246 1169 3324 amplius
1191 3247 1251 3306 mid

242 3327 356 3402 negotii
375 3316 575 3384 enutriebatur
592 3325 632 3408 (h.
648 3348 671 3385 e.
689 3347 799 3401 vereor,
820 3348 857 3388 ue
879 3326 1089 3412 contrabatur),
1113 3334 1253 3411 quisquan

240 3412 338 3469 nereio
353 3410 657 3485 an-oontratotur‚
678 3413 753 3471 idern
768 3416 963 3491 amputabit,
984 3416 1060 3493 quod
1067 3417 1253 3491 fortum-

241 3497 435 3571 eoutrehetur‚
456 3517 530 3575 quoe
544 3503 645 3557 voeuia
662 3519 720 3556 non
742 3512 785 3558 eut
806 3502 969 3573 metuentis,
991 3500 1040 3557 sed
1053 3500 1207 3579 sperantis,
1231 3526 1253 3566 n*

237 3585 269 3639 in
290 3585 384 3658 priore
405 3583 490 3642 buius
511 3587 570 3643 loci
594 3595 684 3660 parte.
727 3583 804 3642 {dem
825 3584 1008 3644 statuendum
1024 3605 1088 3644 eum
1106 3589 1141 3646 de
1163 3594 1253 3650 multi

239 3669 305 3725 eliis
325 3671 405 3741 loeis,
427 3679 490 3727 tum
511 3671 547 3728 de
568 3670 661 3745 Epist.
673 3668 755 3742 ΧΙΙΙ,
780 3673 808 3727 1.
850 3668 969 3744 Neruio,
990 3691 1031 3730 uu
1051 3673 1253 3750 ignoscentiae

237 3753 280 3810 eit
300 3750 383 3827 bute,
405 3757 433 3812 et
455 3765 612 3836 tantopere
634 3753 769 3828 luderet,
798 3756 874 3833 quod
895 3758 932 3815 ed
953 3757 1039 3815 offleii
1059 3764 1253 3824 necessiteten

237 3839 331 3896 lenius
352 3842 543 3919 significatum
563 3842 742 3898 referendum
765 3853 817 3913 est,
841 3841 1070 3916 medensem,
1093 3847 1252 3910 obscurum

237 3941 293 3999 qne
313 3942 408 3983 rernm
429 3926 614 3984 fortuitarum
630 3917 775 3998 ordinem,
799 3938 830 3985 ut
843 3924 996 3986 Terentius
1008 3927 1122 3989 Phorm.
1133 3933 1168 4008 V,
1184 3938 1215 4010 2,
1233 3941 1252 3998 9

236 4005 334 4068 Haud
345 4012 415 4084 seio,
439 4031 490 4084 on,
511 4010 613 4069 collide
627 4011 833 4086 interpretetur
854 4009 978 4071 Nescio:
1000 4033 1102 4075 uerum
1118 4019 1147 4075 si
1158 4023 1252 4096 forto

235 4095 310 4152 dieo.
354 4094 487 4155 Ceterum
498 4097 653 4155 vernaculo
664 4115 723 4154 vox
737 4096 895 4169 vielleiobt
919 4117 975 4172 qno
994 4100 1066 4158 uibil
1086 4124 1252 4185 magnopen

237 4180 432 4258 impedimenti
454 4198 515 4239 euru
536 4179 748 4260 significemur,
780 4185 866 4242 latius
888 4185 975 4242 etium
997 4198 1093 4262 petet,
1123 4203 1152 4250 et
1175 4213 1252 4274 step«
