2836 4852
138 343 200 421 ab
376 316 691 404 'commane
713 297 991 400 commanos
1071 328 1079 341 ’
1247 36 1289 367 ⁴

139 515 173 607 Ι,
198 512 265 606 47,
291 508 383 584 122.
437 511 484 583 Irt
501 512 638 609 plebem
657 532 739 580 vero
759 470 958 580 ¹liorrtmmm
980 520 1097 580 tetram
1122 536 1289 611 super-
1287 494 1289 499 Ι

140 621 232 690 biom
250 618 350 713 prius
369 641 564 704 memorem,
594 639 641 682 aa
661 612 981 683 erardelr'taleml‘
947 639 1022 682 arrae
1042 614 1149 685 alubro
1167 624 1289 685 cres-³·

142 721 268 793 delites
286 721 430 818 pravior
448 727 501 790 est
518 727 555 786 et
573 716 723 785 abactor
737 712 787 813 ὅ.)
817 713 947 810 Gomp.
966 713 1011 784 ad
1028 714 1114 785 Div.
1133 715 1187 809 ll,
1201 712 1245 787 Β.

136 873 430 898 μ

226 956 395 1015 sententiam
418 955 461 1013 aie
483 953 639 1028 expromit,
663 962 711 1021 ut,
734 953 827 1026 specie
849 953 1034 1010 dubitationis
1056 964 1193 1035 servata,
1212 974 1249 1015 ex

226 1043 375 1114 utriusque
396 1032 669 1113 rei'comparatione
690 1040 789 1112 possit,
812 1050 904 1094 utram
927 1038 1080 1113 praeferas,
1103 1040 1250 1120 intelligl;
1288 1030 1290 1035 ¹

225 1125 422 1187 vehementior
443 1123 608 1183 affirmantis
630 1126 798 1201 negantisve
815 1125 903 1180 unirai
917 1126 1081 1194 commotio,
1105 1127 1250 1200 cupiditas

226 1230 276 1268 sea
299 1211 400 1268 horror
421 1230 484 1267 eum
505 1208 682 1265 clandestino
703 1209 890 1282 persuadendi
908 1210 1003 1265 studio
1025 1207 1140 1281 efficiet,
1163 1213 1250 1271 utin

226 1298 377 1367 veritatis,
405 1295 577 1363 honentatis,
600 1295 735 1352 utilitatis
756 1295 862 1351 iudicio
885 1294 1083 1368 probabiliori,
1106 1297 1250 1373 graviori,
1281 1360 1290 1371 q

228 1383 332 1455 aptiori
351 1384 392 1437 rei
406 1383 449 1439 vel
464 1381 621 1437 sententiae
640 1398 697 1436 rem
715 1380 808 1435 atinus
828 1379 1013 1453 expetendam
1030 1381 1172 1443 minusve,
1181 1401 1251 1458 pro·

226 1466 347 1523 bundam
370 1466 484 1545 (quam,
520 1477 552 1521 ut
579 1464 613 1522 fit
634 1466 664 1521 in
686 1476 831 1522 corrtracta
853 1464 976 1521 lornmla
998 1466 1095 1522 nescio
1119 1485 1178 1539 aa,
1214 1486 1252 1525 ne

227 1564 461 1609 commemorares
478 1551 602 1625 quidem,
624 1552 679 1607 nisi
701 1551 846 1606 contentio
867 1553 1016 1624 utriusque
1038 1547 1180 1629 placeret)
1203 1568 1275 1609 ee-·

226 1635 293 1693 dere
315 1639 412 1695 iubeas
433 1647 464 1694 ct
483 1655 502 1693 e
521 1647 606 1714 tergo
620 1635 649 1699 lt.
663 1656 685 1697 e.
702 1636 732 1690 in
744 1636 842 1711 priore
864 1636 1100 1713 interrogationis
1118 1639 1251 1696 membro

226 1732 411 1796 poetastrum
434 1741 538 1798 portas,
573 1741 630 1798 qua
652 1722 763 1779 demum
782 1723 901 1798 cognita
922 1721 1080 1798 gravioris,
1110 1724 1251 1795 melioris,
1272 1774 1286 1795 ·.

226 1809 424 1880 probabilioris
447 1809 499 1879 rei,
520 1810 586 1867 eius'
596 1807 710 1883 quidem
726 1818 792 1880 post
804 1826 846 1863 on
861 1804 883 1883 (
881 1807 951 1863 oder
968 1804 1129 1887 eielmebr)
1153 1820 1252 1885 poste·
1280 1816 1291 1845 ⁴

225 1893 302 1948 riore
324 1893 386 1950 loco
408 1896 534 1968 positae,
564 1895 738 1968 praestantia
760 1891 873 1947 facilius
894 1903 1019 1967 apparet.
1070 1890 1149 1951 Raro
1173 1896 1251 1953 enirn

225 1977 339 2035 intersit
353 1977 446 2034 dicere
459 1989 487 2033 et
500 1977 609 2048 audire,
627 1978 695 2052 quid
710 1996 805 2054 neges,
821 1989 970 2051 postquam
982 1995 998 2030 e
1011 1978 1107 2050 priore
1121 1980 1251 2038 membro

227 2063 295 2137 quid
318 2062 448 2133 affirmes,
471 2062 538 2136 qnid
561 2063 712 2136 praeferas,
736 2062 821 2117 fuerit
839 2064 995 2139 cognitam.
1039 2061 1185 2120 Similiter
1201 2065 1252 2122 ubi

225 2146 443 2223 reprehensione
464 2166 535 2221 opus
557 2157 615 2216 est,
650 2147 684 2203 de
706 2146 814 2203 dualrus
836 2147 1027 2221 improbandis
1048 2148 1253 2222 repudiandis·

184 2257 188 2265 ·
226 2250 281 2306 qne
303 2233 387 2288 rebus
407 2234 454 2289 rel
476 2233 580 2309 agendi
602 2233 693 2289 modis
716 2233 888 2303 turpiorem,
923 2233 969 2289 rel
991 2235 1162 2307 ineptiorem
1186 2250 1254 2309 post

225 2319 344 2375 alteram
366 2321 460 2375 atinus
483 2329 604 2392 turpem,
626 2317 818 2374 intercedente
841 2319 979 2390 particula
1001 2337 1052 2388 on,
1074 2338 1252 2379 commemo·

163 2404 165 2409 '
225 2404 350 2461 raseris:
380 2405 484 2479 quippe
505 2405 555 2477 qui
578 2405 656 2460 locus
678 2403 819 2477 posterior
840 2401 876 2459 ad
899 2402 1123 2476 persuadendum
1148 2423 1253 2462 recen·

225 2499 282 2546 tem
299 2500 394 2546 servet
408 2490 459 2560 rci,
482 2490 512 2545 in
530 2488 582 2544 hoc
600 2500 677 2545 certe
699 2504 803 2565 genere
825 2489 952 2556 alcioris,
973 2489 1150 2559 memoriam,
1176 2508 1253 2564 quae

225 2573 261 2630 ad
284 2577 438 2648 praeterita
459 2575 581 2631 reiectae
603 2575 720 2630 alterius
747 2573 789 2627 rei
811 2573 950 2651 cogitatio
973 2591 1042 2645 pene
1064 2575 1251 2647 opprimitur.

224 2657 303 2715 Hine
321 2659 392 2715 illud
415 2670 466 2730 est,
490 2660 564 2732 quod
587 2658 699 2715 Ennius
720 2657 794 2732 apud
817 2655 875 2713 Cic.
898 2657 932 2712 de
954 2655 1035 2713 Offie.
1050 2657 1071 2728 l,
1088 2660 1136 2715 12.
1173 2658 1250 2739 Pyr·

223 2742 306 2801 rhum
333 2745 452 2820 superbe
481 2738 523 2824 (si
545 2743 684 2801 Samnitis
706 2744 793 2805 uerba
820 2743 894 2817 apud
923 2740 990 2800 Lis.
1010 2742 1030 2799 Ι.
1052 2738 1249 2831 accusares)

222 2831 385 2903 loquentem
404 2828 530 2886 inducit:
560 2830 652 2911 Vosne
667 2826 742 2885 velit
757 2846 797 2885 aa
819 2847 869 2885 me
891 2846 1029 2903 regnare.
1042 2824 1118 2885 bera
1131 2832 1251 2909 quidet

215 2914 310 2987 ferat
323 2912 414 2985 Fora,
444 2912 559 2972 Virtute
582 2916 782 2993 experiamur.
802 2949 844 2959 -
887 2911 975 2969 Hunc
996 2912 1125 2981 ordinem
1147 2934 1258 2977 rerum·

145 3028 150 3041 ·
223 3001 254 3055 in
276 2998 448 3055 disiunctira
470 3000 754 3079 interrogatione‘ex
776 3001 818 3055 tui
840 2999 927 3055 animi
949 3001 1091 3056 sententia
1104 3000 1248 3061 distribu-

221 3090 316 3141 tarum
338 3085 510 3157 permutabit
531 3085 574 3157 is,
605 3086 653 3158 qui
676 3085 783 3140 ironice
805 3083 830 3139 h.
854 3103 877 3139 e.
900 3100 964 3145 eum
985 3084 1170 3151 simulatione
1192 3088 1247 3146 ad·
1275 3116 1281 3123 ·

220 3170 341 3227 versarii
354 3169 524 3242 opinionem,
548 3180 681 3244 tanquam
699 3171 848 3243 potiorem,
872 3168 1027 3243 posteriore
1041 3172 1105 3229 laed
1118 3174 1248 3247 pesitum

221 3272 285 3310 cum
308 3254 470 3311 urbanitate
492 3255 663 3311 irridendam
686 3254 811 3328 praebet,
833 3255 880 3313 cai
896 3255 1027 3327 opposita
1043 3256 1152 3314 recedit
1176 3277 1247 3333 pro-

220 3338 342 3396 babilior
357 3335 506 3397 sententia.
522 3351 553 3397 ut
567 3338 624 3396 Cic,
638 3340 724 3396 Acad.
738 3338 774 3410 ll,
788 3341 838 3411 29,
853 3336 904 3397 tt.
939 3337 1030 3410 Quid,
1052 3340 1129 3417 quod
1140 3344 1249 3401 ecdem

119 3453 125 3462 ·
220 3422 276 3481 s‘llo
299 3441 352 3481 ars
376 3421 554 3505 (dialectiea,
582 3443 666 3499 quam
690 3425 747 3482 Vos
769 3418 1002 3500 defenditis)—
1024 3425 1104 3481 tollit
1126 3427 1171 3484 cd
1192 3449 1248 3486 ex-
1289 3468 1293 3483 .

221 3519 346 3567 tremum
362 3508 539 3597 superiora?
561 3520 660 3567 atram
683 3529 726 3567 eo·
741 3519 854 3579 eeatra,
877 3527 918 3565 ms
929 3507 1020 3586 (oder
1031 3510 1125 3591 crea)
1139 3523 1250 3572 costra

221 3595 310 3676 ealpm
332 3593 396 3652 ert?
419 3596 445 3653 la.
461 3616 484 3654 e.
499 3610 597 3654 nostra
619 3607 696 3652 certe
717 3596 795 3651 nulla
818 3596 900 3668 eulpa
922 3605 974 3651 est.
1019 3597 1133 3670 Absque
1154 3600 1250 3657 simu·

219 3683 327 3739 latione
357 3684 500 3739 contrario
531 3683 595 3738 loco
623 3681 658 3738 ad
687 3682 869 3759 negationem
895 3679 976 3738 sides
1005 3682 1144 3756 seriptum
1177 3682 1250 3745 Ter.

154 3826 159 3837 ,
219 3764 334 3839 Pharna.
349 3765 384 3839 lt,
398 3768 427 3838 3,
446 3768 496 3826 45.
518 3776 660 3826 nostrane
683 3765 771 3844 ealpro
793 3783 830 3822 ea
852 3772 908 3838 eat,
930 3783 971 3825 ιιιι
992 3764 1137 3849 iadicem:
1161 3776 1256 3847 quera,

219 3851 313 3907 locum
336 3852 420 3925 paulo
442 3864 507 3926 post
527 3852 684 3927 explicabo.

159 3957 195 4027 b)
223 3951 268 4011 De
289 3952 344 4009 hoe
363 3953 427 4009 loco
449 3951 622 4017 Handiss
650 3956 679 4010 ia
703 3952 788 4012 Tura.
809 3953 830 4010 l.
852 3975 879 4031 p.
899 3956 970 4016 337.
993 3975 1010 4012 a
1032 3976 1076 4012 me
1098 3956 1248 4027 dissentit,
1284 3950 1294 4013 l

219 4055 273 4094 nec
295 4050 389 4096 tamen
411 4036 479 4095 mihi
502 4042 658 4112 persuasit,
681 4038 846 4098 Ciceronem
869 4042 1041 4099 verbatim
1063 4041 1151 4098 dubio
1174 4062 1248 4100 cras·

176 4144 183 4153 ’
220 4121 331 4182 delites
348 4125 478 4200 grauior
499 4132 544 4181 eet
566 4134 595 4181 at
617 4128 751 4183 atrocior
772 4145 829 4182 non
848 4126 990 4182 addidisse
1011 4128 1088 4198 „nisi
1103 4128 1248 4202 aequabi-

219 4209 286 4267 litas
306 4211 337 4267 iu
359 4211 583 4289 interrogatione
604 4230 738 4285 expressa
764 4211 818 4270 bac
839 4213 1022 4285 responsione
1047 4211 1151 4269 luisset
1173 4215 1246 4270 reii-

212 4295 352 4357 altstat
393 4292 549 4374 Ego-'sess
569 4297 801 4372 aequabilitatem
816 4315 899 4373 nego.
922 4294 995 4353 Nara
1011 4297 1088 4375 quod
1104 4299 1246 4372 superbia
