2836 4852
188 335 244 414 ιιι
439 330 746 398 communium
768 330 1047 399 enmnmucs

188 510 227 583 b.
254 536 289 583 e.
327 504 472 581 Gratius
506 501 572 576 tibi
595 500 778 575 accidisse
811 504 974 576 existimo
993 499 1070 603 ²²).
1109 501 1191 580 Cic.
1219 506 1295 606 Ep.

188 614 261 706 lx,
279 609 346 683 14.
375 607 529 705 Contipit
547 607 639 677 euim
659 607 734 697 tibi,
762 607 858 704 quod
875 607 974 677 baud
989 608 1061 679 seio
1082 634 1129 678 au
1150 612 1324 705 rterniuiju

187 714 257 787 boc
283 737 412 801 sensu,
448 706 546 805 quod
576 704 730 777 arbitror
754 709 886 778 nemini
912 710 1119 807 contigisse.
1173 706 1295 785 Acad.

188 816 262 908 Qu.
279 816 333 906 ll,
356 810 424 884 25.
453 811 549 910 quod
568 807 666 879 baud
683 811 753 880 scio
775 836 823 879 uu
848 835 920 880 nou
938 813 1065 907 possis.
1121 811 1299 910 Suspicor

187 921 295 1009 enim,
322 927 358 989 te
376 940 449 985 non
466 935 586 1008 posse.
640 905 751 1006 Apud
771 909 964 985 Gaesarem
985 938 1071 984 vero
1089 912 1176 987 bell.
1195 912 1295 989 Graii.

186 1020 237 1114 V,
264 1012 333 1091 54.
371 1015 473 1087 nullu
495 1011 574 1110 sere
600 1014 721 1084 ciuitas
746 1011 858 1110 fuerit
885 1040 955 1085 nou
985 1027 1146 1113 sempecta
1176 1021 1295 1090 nutu:

98 1143 100 1146 ’
186 1125 292 1222 idque
315 1121 424 1208 odeo,
463 1115 562 1187 baud
581 1116 651 1186 scio
670 1117 913 1188 mirandumne
934 1118 1044 1188 sit-
1059 1121 1220 1218 quod-
1235 1123 1298 1195 do-

167 1224 320 1314 debunt,
346 1230 418 1294 est:
446 1243 519 1288 non
536 1216 733 1289 mirandum
754 1244 833 1289 esse
851 1216 1018 1312 arbitror,
1046 1214 1197 1318 propter
1215 1247 1298 1319 par·

185 1324 328 1397 ticulum
356 1349 419 1412 ue,
448 1346 558 1417 quae,
588 1345 667 1390 cum
690 1321 846 1416 priorem
863 1320 1046 1393 simulatae
1068 1322 1299 1399 dubitationis

186 1437 338 1525 partem,
356 1449 446 1522 quae
464 1420 732 1518 improbandam
749 1416 958 1495 sententiam
975 1425 1145 1515 continet,
1167 1427 1301 1499 omissa

187 1529 298 1602 altera
326 1525 393 1628 (uu
416 1552 488 1598 uon
509 1526 588 1596 mm.
612 1524 692 1624 sit‚)
718 1527 865 1623 aperiat,
894 1551 967 1597 non
991 1535 1110 1623 potest
1135 1553 1210 1600 non
1235 1554 1299 1602 ne·

188 1633 341 1732 gativam
370 1629 441 1700 vim
471 1626 619 1700 babere.
661 1627 756 1699 Liv.
777 1626 850 1727 ΙΙΙ,
877 1625 945 1700 47.
968 1639 1066 1701 -extr.
1102 1630 1300 1707 Possumne

187 1735 274 1807 bueo
303 1731 362 1806 isti
386 1733 475 1822 sint,
511 1732 647 1803 nescio:
685 1755 761 1803 uon·
777 1755 879 1826 spero
904 1755 978 1804 csse
1005 1757 1175 1829 passuros
1199 1732 1298 1829 tuor,

187 1840 251 1936 qui
268 1861 368 1907 urma
390 1834 531 1904 babent.
585 1831 714 1903 Famil.
732 1831 786 1925 ll,
806 1828 847 1904 5.
876 1830 953 1906 Sed
974 1833 1061 1906 bueo
1083 1836 1163 1932 ipsa
1182 1836 1301 1910 merto

120 2012 123 2021 .
187 1950 325 2011 rectene
341 1938 411 2007 siut
436 1935 546 2005 literis
567 1936 760 2006 commissu.
781 1931 819 2005 b.
840 1958 874 2006 e.
893 1933 988 2008 male
1009 1938 1198 2009 commissa
1216 1946 1300 2011 sunt

186 2039 312 2112 literis.
357 2037 524 2131 Denique
543 2033 802 2107 observandum
819 2046 887 2128 est,
911 2036 1094 2110 Valerium
1106 2038 1298 2132 Manlll,

188 2139 229 2234 6,
243 2138 281 2212 1.
308 2136 439 2231 1x‚5‚
456 2135 494 2207 1.
513 2161 603 2233 quos
619 2135 720 2209 locos
735 2162 840 2232 supra
858 2142 1146 2230 commemoravi,
1166 2141 1299 2215 Nescio

187 2271 235 2316 un
252 2242 407 2315 eiusdem
423 2238 548 2337 suerit,
571 2248 695 2310 contra
710 2241 947 2336 antiquiorum
964 2243 1178 2339 scriptorum
1195 2269 1299 2317 usum

187 2344 318 2417 dixisse
343 2367 410 2440 pro
435 2340 581 2433 Nescio,
610 2367 657 2412 uu
679 2368 749 2413 uou
771 2344 925 2414 eiusdem
943 2341 1055 2442 suerit
1079 2343 1118 2417 b.
1139 2372 1174 2418 e.
1212 2347 1299 2420 Non

186 2446 344 2520 eiusdem
380 2444 491 2516 fuisse
524 2444 702 2515 existimo.
762 2442 937 2515 Nimirum
969 2446 1145 2545 sequioris
1171 2450 1298 2523 aetatis

185 2551 381 2647 scriptores
398 2545 481 2618 buic
499 2530 671 2618 formulae
691 2548 805 2618 nescio
828 2574 875 2617 uu
899 2547 1076 2620 interdum
1095 2553 1302 2648 negativam
1318 2566 1332 2609 2'

186 2653 258 2723 vim
289 2649 507 2742 tribuerunt,
548 2647 738 2721 discrimen
768 2648 1021 2745 particularum
1049 2679 1097 2724 uu
1127 2663 1165 2725 et
1190 2680 1236 2727 uc
1259 2654 1298 2726 in

186 2752 376 2827 bimembri
399 2752 678 2850 interrogatione
703 2777 829 2848 parum
856 2762 1033 2825 curantes.

289 2853 366 2927 Sed
400 2854 566 2950 quoniam
595 2854 805 2950 pronomina
836 2854 950 2943 ullus,
993 2856 1196 2955 qumquam,
1240 2852 1298 2930 vel

186 2955 354 3029 adverbia
379 2979 554 3054 uuquam,
592 2980 739 3053 usquam
773 2980 853 3027 cum
884 2959 999 3029 neseio
1029 2983 1077 3028 un
1106 2958 1165 3030 vel
1199 2959 1300 3032 buud

158 3083 160 3087 ·
184 3061 256 3133 reio
277 3085 338 3150 an,
366 3082 440 3129 non
462 3058 537 3129 sine
555 3053 730 3130 Codicum
747 3055 909 3132 dissensu
928 3070 964 3134 et
981 3059 1150 3133 Virorum
1172 3059 1297 3137 docto·

185 3368 241 3446 22)
270 3365 436 3425 Handius
458 3367 487 3423 in
511 3363 597 3424 Turs.
614 3366 633 3424 Ι.
656 3388 683 3444 p.
696 3370 767 3426 314.
789 3370 858 3428 haec
881 3368 1021 3429 Caecinae
1041 3372 1128 3431 verino
1150 3372 1296 3448 improba·

270 3453 378 3510 tionem
399 3452 462 3508 sive
482 3455 665 3531 negationem
688 3455 835 3527 exhibere,
860 3469 892 3513 ut
913 3455 1068 3515 Curtius
1091 3459 1121 3514 iu
1144 3457 1189 3515 ed.
1211 3457 1297 3533 Epp,

270 3538 426 3595 existimat.
476 3535 587 3596 Mecum
609 3543 780 3598 sentientem
807 3540 896 3598 babeo
919 3539 1096 3616 Mammium,
1133 3544 1183 3618 qui
1206 3543 1298 3603 verba

271 3622 316 3680 Ac
337 3623 435 3681 nescio
457 3643 498 3683 uu
520 3623 575 3681 ubi
594 3628 716 3702 gratius
737 3628 988 3706 opportuniusque
1011 3628 1158 3685 acciderit
1185 3631 1228 3685 sic
1249 3629 1299 3686 in-

271 3719 460 3784 terpretatur:
482 3709 627 3782 „fortasse
647 3714 759 3790 gratius
780 3710 835 3769 tibi
857 3713 927 3783 erit,
950 3731 983 3769 ac
1005 3714 1106 3769 meiius
1127 3714 1230 3771 eadere
1248 3715 1296 3772 ri-

272 3795 403 3863 debitur,
433 3795 509 3870 quod
530 3813 614 3870 parce
636 3809 665 3853 te
686 3797 877 3871 laudaverim,
906 3808 983 3855 metu
1005 3800 1116 3856 scilicet
1137 3800 1298 3878 refugiens.

269 3898 346 3950 nam,
368 3879 444 3954 quod
466 3884 581 3960 egregie
603 3884 743 3957 praestari
760 3901 821 3938 non
844 3893 947 3954 potest,
969 3882 999 3940 itl
1015 3884 1060 3942 vel
1076 3903 1133 3940 non
1149 3887 1298 3964 attingere

270 3973 398 4039 oportet,
435 3966 604 4036 vel-saltem
628 3987 712 4043 quam
734 3968 898 4041 parcissime
917 3967 1040 4025 faeere.“
1093 3968 1169 4029 Tum
1192 3970 1296 4031 Han·

272 4046 354 4104 dius
382 4049 400 4102 1.
425 4069 448 4105 e.
471 4069 498 4125 p.
518 4053 588 4130 327.
610 4064 639 4110 et
658 4054 730 4108 328.
753 4052 787 4108 de
809 4052 907 4109 eadem
929 4051 1066 4110 Caecinae
1089 4057 1211 4130 epistola
1240 4069 1296 4131 „at

248 4133 361 4202 dixit,
401 4135 512 4210 inquit,
545 4138 594 4191 ille
621 4147 777 4213 negaturus
801 4139 902 4194 nescio
925 4156 967 4195 aa
987 4142 1109 4214 gratius
1130 4142 1296 4221 quidquam

271 4218 424 4276 occiderit.
447 4222 466 4276 i.
481 4238 505 4276 e.
517 4238 576 4276 non
591 4226 692 4294 puto.“
730 4219 829 4296 Neque
842 4242 911 4280 vero
923 4223 1084 4301 quidquam
1103 4244 1197 4302 neque
1217 4228 1299 4287 ntttt

269 4302 392 4365 ceruina
414 4305 478 4360 istis
502 4304 595 4360 verbis
615 4306 767 4364 interierit.
914 4316 916 4321 “
1085 4311 1087 4318 ’
